2632 3464
916 443 1189 470 MEMORABILIA
1209 443 1294 471 NAT.
1315 444 1562 471 ANGLICANAE
2164 457 2222 473 xvn

338 523 446 559 Saec.
469 523 556 558 XIll
573 520 726 571 Anglici
747 522 786 556 in
809 522 966 557 natione
988 527 1262 569 praepotentes
1280 527 1319 557 et
1335 522 1623 557 numerosiores
1641 521 1799 571 reliquis
1820 530 1938 558 erant.
1966 524 2061 558 Hinc
2081 536 2220 559 nomen

286 593 433 628 nationi
452 591 707 640 Anglicanae,
737 597 828 626 tunc
853 589 999 626 divisae
1022 591 1061 625 in
1087 590 1324 638 provinciam
1344 589 1597 640 Anglicanam
1617 597 1656 627 et
1675 592 1913 640 provinciam
1941 605 2017 628 non
2044 592 2222 641 Anglica-

287 675 390 704 nam,
407 675 506 712 quae
526 660 705 698 undecim
727 673 844 710 regna
865 659 1198 709 complectebatur
1210 659 1234 695 ¹.
1255 659 1330 696 Sed
1345 659 1528 709 paulatim
1542 659 1695 708 Anglici
1717 661 1755 695 in
1773 661 2095 697 Universitatibus
2113 663 2219 710 regni

285 731 461 781 Angliae,
478 731 636 768 Oxoniis
649 737 688 766 et
703 729 987 778 Cantabrigiae‚
1006 729 1148 765 retenti
1163 736 1254 765 sunt
1265 729 1291 772 2,
1315 730 1367 765 ita
1383 736 1425 766 ut
1442 730 1478 764 in
1492 729 1607 765 Libro
1619 738 1823 778 procurat.
1842 730 1889 765 ab
1905 743 1966 765 an.
1989 731 2078 766 1333
2099 744 2221 780 usque

286 799 334 836 ad
349 813 410 837 an.
433 800 525 836 1406
539 800 602 835 vix
616 800 638 835 8
659 798 834 849 graduati
856 798 1010 848 Anglici
1029 797 1156 834 afferri
1178 799 1329 847 possint
1348 799 1373 833 ³.
1400 800 1547 835 Nomen
1566 806 1715 835 tantum
1736 800 1951 849 antiquum,
1977 807 2055 836 nat.
2083 800 2220 850 Angli-

285 873 393 912 cana‚
411 869 606 910 remansit,
627 869 832 917 ipsumque
847 867 1031 917 paulatim
1048 868 1087 903 in
1105 880 1246 903 nomen
1261 875 1336 903 nat.
1359 867 1610 905 Alemanniae
1628 869 1907 905 mutaverunt4.

333 940 414 975 Hoc
425 945 598 988 tempore
612 945 746 974 nostro
760 937 855 973 duas
871 949 1029 986 magnas
1043 937 1165 973 tribus
1180 937 1240 974 vel
1257 945 1387 986 partes
1402 939 1440 974 in
1456 939 1612 975 natione
1625 938 1838 987 Anglicana
1850 938 2088 989 distinguere
2105 939 2219 976 debe-

283 1020 381 1049 mus,
396 1008 533 1043 Scotos
543 1014 581 1043 et
591 1006 826 1043 Alemannos
836 1008 935 1052 (cum
949 1005 1236 1051 Hollandrinis).
1251 1008 1396 1044 Omnes
1411 1006 1580 1057 reliquae
1590 1015 1735 1057 partes,
1749 1015 1791 1044 ut
1803 1009 1929 1050 Sueci,
1944 1009 2054 1051 Dani,
2068 1008 2217 1050 Poloni,

282 1077 440 1125 Ungari,
461 1083 537 1112 ete.
561 1075 675 1112 simul
698 1082 875 1125 sumptae
896 1075 995 1111 duas
1016 1074 1140 1112 dictas
1172 1075 1294 1112 tribus
1317 1089 1476 1113 numero
1504 1078 1793 1126 suppositorum
1816 1090 1893 1113 non
1923 1085 2215 1127 superaverunt.

281 1145 471 1194 Tempore
505 1144 731 1181 Schismatis
756 1150 889 1180 natura
914 1157 1118 1194 moresque
1141 1145 1348 1194 cujuslibet
1371 1146 1567 1182 ambarum
1586 1146 1755 1183 tribuum
1781 1148 1904 1197 magis
1934 1148 2215 1197 circumscripti

278 1221 496 1256 evaserunt,
524 1220 566 1250 ut
592 1213 688 1250 infra
718 1227 802 1263 cap.
833 1214 876 1249 16
901 1213 1116 1263 apparebit.
1140 1214 1343 1251 Alemanni
1364 1224 1494 1252 tamen
1522 1217 1705 1265 majorem
1729 1224 1876 1266 partem
1899 1218 1934 1252 in
1962 1218 2117 1253 natione
2137 1217 2217 1253 fere

277 1283 580 1326 constituebant,
603 1282 770 1333 indeque
790 1284 828 1319 in
850 1282 1194 1319 deliberationibus
1214 1293 1449 1322 momentum
1469 1285 1693 1322 afferebant.
1713 1286 1773 1322 Nil
1793 1287 1945 1331 mirum,
1967 1288 1999 1323 si
2020 1288 2214 1323 nationem

276 1354 530 1405 Anglicanam
561 1354 745 1404 paulatim
778 1355 817 1390 in
843 1354 913 1390 has
944 1362 1023 1391 tres
1051 1354 1176 1392 tribus
1211 1354 1399 1405 distingui
1428 1355 1622 1398 videmus,
1655 1355 1926 1392 Alemanniam
1959 1358 2213 1405 superiorem,

275 1423 546 1460 Alemanniam
567 1425 802 1472 inferiorem,
824 1424 1007 1461 Scottum.

325 1494 423 1531 Sane
435 1494 514 1543 jam
533 1506 635 1531 saec.
653 1507 714 1530 xiv
730 1493 871 1530 indicia
886 1494 999 1542 hujus
1017 1493 1218 1530 divisionis
1235 1495 1462 1531 invenimus.
1486 1495 1558 1530 An.
1582 1494 1674 1530 1392
1695 1502 1966 1544 procuratores
1989 1496 2214 1545 provinciae

275 1564 440 1606 Scotiae,
469 1563 722 1600 Alemanniae
754 1562 947 1599 inferioris
981 1571 1020 1600 et
1049 1563 1300 1600 Alemanniae
1329 1565 1540 1613 superioris
1571 1565 1820 1601 nominantur
1845 1565 1942 1611 (662,
1972 1566 2105 1612 16-19).
2133 1566 2212 1602 Sub

275 1634 431 1670 nomine
448 1633 700 1670 Alemanniae
723 1634 933 1683 superioris
959 1633 1022 1669 hic
1046 1646 1123 1669 non
1142 1633 1246 1670 illam
1269 1635 1467 1683 regionem
1488 1641 1636 1671 tantum
1661 1634 1841 1684 intelligi,
1868 1648 1982 1684 quam
2005 1649 2076 1672 nos
2096 1635 2212 1673 hodie

272 1702 410 1740 eodem
425 1703 581 1739 nomine
595 1702 857 1752 designamus.
872 1715 918 1738 ex
933 1702 1006 1738 hoc
1023 1710 1196 1752 apparet,
1215 1702 1319 1753 quod
1337 1711 1563 1753 procurator
1580 1705 1692 1741 istius
1707 1705 1944 1754 provinciae,
1959 1706 2147 1755 Georgius
2163 1705 2213 1742 de

274 1773 382 1813 Rain,
408 1785 430 1808 e
455 1772 658 1808 Sclavonia
682 1771 868 1808 oriundus
895 1771 978 1808 fuit.
1005 1773 1079 1808 An.
1106 1773 1220 1809 etiam
1252 1773 1345 1808 1394
1371 1780 1409 1809 et
1435 1786 1534 1809 anno
1562 1774 1740 1823 sequenti
1767 1781 1847 1810 tres
1875 1775 2095 1823 provisores
2122 1775 2210 1812 festi

273 1842 440 1878 nationis
467 1842 647 1884 citantur,
670 1842 735 1891 qui
749 1841 796 1878 ad
822 1842 915 1878 istas
936 1842 1154 1890 provincias
1179 1843 1447 1891 pertinuerunt
1465 1842 1526 1889 (cf.
1543 1844 1660 1879 etiam
1680 1856 1717 1892 p.
1734 1846 1824 1890 Lxx).
1847 1845 2043 1881 Invenitur
2065 1844 2210 1882 locutio

275 1925 292 1946 «
315 1909 363 1947 de
384 1910 461 1948 alta
479 1910 707 1947 Alamannia
726 1925 742 1946 1)
762 1910 863 1960 (890,
881 1912 928 1957 5).
945 1912 1124 1948 Fortasse
1139 1911 1277 1948 divisio
1297 1925 1412 1962 saepe
1428 1912 1532 1949 dicta
1554 1913 1654 1949 facta
1670 1921 1743 1956 est,
1766 1921 1972 1963 postquam
1988 1916 2211 1964 provinciae

273 1980 433 2016 sueciae
448 1986 487 2016 et
502 1981 642 2016 Daciae
659 1980 900 2017 scholaribus
919 1989 1138 2024 caruerunt,
1158 1982 1257 2018 inter
1276 1995 1396 2018 annos
1418 1983 1509 2019 1383
1526 1990 1565 2019 et
1586 1983 1691 2019 1392.
1711 1983 1784 2018 An.
1812 1984 1905 2019 1528
1924 1991 2074 2020 tantum
2095 1984 2209 2021 abro—

271 2055 359 2099 gata
395 2050 510 2099 eique
542 2049 752 2087 substituta
776 2057 837 2086 est
865 2049 1004 2087 divisio
1028 2051 1066 2086 in
1090 2052 1308 2100 provincias
1333 2053 1645 2089 Germanicorum
1673 2060 1711 2089 et
1745 2054 2066 2090 Britannicorum.
2102 2056 2210 2091 Sicut

271 2126 408 2169 postea
425 2120 654 2163 Germanici,
668 2121 720 2156 ita
741 2126 852 2156 antea
869 2120 1017 2164 Poloni,
1035 2122 1177 2171 Ungari
1193 2121 1333 2171 aliique
1350 2121 1570 2170 adjacentes
1586 2121 1811 2158 Alemannis
1825 2125 2064 2159 annumerati
2082 2132 2204 2161 erant.

318 2189 521 2226 Alemanni
546 2189 725 2227 fortiores
749 2189 907 2239 reliquis
936 2198 1063 2233 erant,
1095 2192 1183 2240 quia
1211 2193 1405 2228 numerosi
1432 2191 1672 2228 Hollandrini
1699 2193 1854 2228 Parisiis
1883 2192 2125 2230 studuerunt.
2147 2194 2205 2230 Ad

268 2259 503 2296 Alemannos
524 2260 639 2296 etiam
662 2259 907 2309 pertinebant
937 2261 1189 2310 insignissimi
1214 2263 1385 2310 magistri
1410 2262 1591 2306 nationis,
1608 2261 1783 2298 doctrina
1799 2262 1987 2307 celebres,
2003 2271 2044 2300 ut
2061 2265 2205 2301 Conra-

268 2328 341 2365 dus
357 2328 407 2365 de
422 2328 784 2379 Montepuellarum,
801 2329 952 2366 Ulricus
967 2329 1015 2366 de
1029 2331 1216 2380 Augusta,
1230 2330 1413 2368 Albertus
1433 2331 1482 2368 de
1499 2333 1754 2382 Ricmestorp,
1771 2332 1962 2369 Marsilius
1978 2333 2026 2370 de
2043 2333 2202 2382 Iughen,

271 2399 458 2435 Henricus
475 2398 523 2435 de
545 2399 694 2441 Hassia,
717 2398 907 2435 Gerardus
931 2398 980 2436 de
998 2399 1152 2443 Kalkar,
1169 2399 1358 2436 Jordanus
1374 2400 1422 2437 de
1439 2400 1570 2445 Clivis,
1586 2401 1780 2438 Johannes
1798 2403 1916 2452 Dorp,
1935 2402 2086 2452 aliique.
2114 2403 2205 2439 Ale—

270 2469 397 2504 manni
412 2476 611 2518 praeterea
624 2476 798 2518 tempore
816 2469 1013 2506 Benedicti
1032 2471 1118 2506 Xlll
1142 2469 1371 2520 privilegiati
1388 2478 1510 2507 erant.

533 2626 567 2661 3.
611 2626 877 2662 Provinciae
920 2626 1229 2667 Alemanniae,
1271 2628 1469 2669 Scotiae,
1515 2629 1718 2671 Sueciae,
1760 2629 1935 2665 Daciae.

317 2755 357 2790 111
374 2755 501 2804 capite
516 2755 539 2790 2
554 2754 603 2791 de
618 2755 807 2791 divisione
824 2756 1026 2805 principali
1046 2757 1212 2793 nationis
1227 2757 1344 2794 verba
1365 2757 1539 2794 fecimus.
1560 2757 1635 2794 Sed
1653 2757 1724 2794 sub
1742 2758 1811 2794 hac
1825 2758 1996 2807 generali
2010 2758 2201 2796 divisione

270 2822 571 2873 unumquodque
588 2836 748 2874 regnum
767 2825 802 2860 in
819 2826 974 2861 natione
985 2827 1219 2874 provinciam
1232 2827 1507 2863 constituebat.
1527 2829 1608 2863 Jam
1631 2841 1690 2863 an.
1716 2829 1802 2863 1331
1827 2840 1956 2864 earum
1978 2830 2121 2865 mentio
2143 2829 2197 2865 fit.

308 2933 334 2960 1.
381 2931 449 2962 Vid.
469 2934 620 2969 Chat-tul„
636 2934 676 2969 ll,
691 2938 723 2963 n·
737 2935 808 2970 955,
827 2945 859 2974 p.
877 2935 946 2964 405.
1329 2938 1358 2966 3.
1403 2936 1473 2966 Vid.
1494 2937 1573 2966 infra
1588 2938 1730 2966 Iudicem.

305 2980 334 3010 2.
379 2980 494 3021 Utique
513 2990 642 3022 propter
656 2982 770 3012 bellum
787 2983 876 3013 etiam
890 2984 1037 3014 Franciae
1050 2985 1177 3015 illatum.
1330 2987 1358 3015 4.
1404 2985 1473 3015 Vid.
1492 2996 1559 3025 cap.
1580 2987 1607 3016 1.

343 3035 458 3054 Anu-niun
467 3035 591 3056 cunulae-‘i
602 3036 689 3056 [laium.
702 3037 767 3057 Pam.
779 3048 805 3052 —
818 3036 834 3057 ¹.
