2632 3464
306 437 360 464 ⁶29

305 512 461 553 theologie
477 518 508 542 et
523 511 676 557 medicine
689 510 944 545 deliberantibus,
962 509 1047 549 quod
1062 508 1213 548 simplici-

305 569 355 592 ter
370 561 532 601 expediret
548 562 648 590 facere
670 559 813 590 rotulum.
839 558 879 589 Et
899 564 1031 598 protunc
1051 567 1120 587 eum
1137 567 1214 587 con-

306 610 481 646 cluserunt,
513 616 543 640 et
567 616 640 639 tunc
669 607 792 638 rector*
827 607 931 637 habita
956 606 1099 646 ampliori
1126 611 1214 645 parte

306 659 527 690 Universitatis
538 658 691 688 conclusit
700 656 834 687 rotulum
845 656 1027 686 mittendum
1040 656 1077 685 ad
1090 665 1212 695 papam.

346 708 394 739 De
409 708 441 738 2⁰
453 707 584 738 articulo
601 707 724 737 fuerunt
740 705 803 735 dati
822 705 959 745 deputati
974 705 1013 734 ad
1028 703 1214 734 audiendum

306 763 337 788 et
357 757 537 787 avisandum
559 757 669 786 factum
689 761 720 785 et
737 755 776 784 ad
799 754 1005 784 referendum.
1029 753 1100 783 Dati
1119 753 1214 782 eciam

306 812 395 836 erant
407 805 604 836 concorditer
618 805 651 834 in
668 803 719 834 illa
734 803 982 843 congregacione
996 802 1145 842 deputati,
1162 802 1215 841 qui

305 855 427 886 adirent
440 854 622 894 episcopum
637 851 872 883 Gebanensem²
884 851 1088 891 supplicando
1107 850 1168 880 sibi
1183 856 1216 880 ut

306 914 369 934 non
387 903 566 933 molestaret
580 902 743 942 supposita
762 900 982 931 Universitatis
997 910 1056 940 pro
1072 899 1212 930 decimis.

712 995 810 1024 1382

348 1068 421 1108 (Fal.
445 1067 520 1107 36¹³)
542 1066 633 1097 Acta
656 1067 691 1096 in
714 1065 978 1106 procuratoria
999 1065 1171 1105 magistri

597 1115 748 1146 Ottonis
780 1113 925 1154 Boecij.

668 1176 735 1189 000

345 1197 438 1228 Anno
460 1196 586 1227 Domini
605 1176 636 1226 lii
658 1196 740 1226 ccc
760 1195 918 1230 Lxxxn.
935 1195 1051 1224 mensis
1070 1194 1216 1224 octobris

308 1246 359 1277 die
379 1246 474 1281 XXB,
492 1247 568 1275 sacta
591 1245 647 1275 suit
665 1245 873 1286 congregacio
890 1245 1031 1274 meionis
1046 1243 1216 1283 Anglieane

306 1296 388 1336 apud
404 1295 548 1325 Sanctum
561 1294 716 1324 Juliauum
734 1303 901 1334 pauperem
915 1293 1092 1333 regencium
1107 1299 1138 1322 et
1154 1302 1216 1321 non

306 1344 484 1384 regeneium
508 1353 566 1383 per
589 1341 796 1382 juramentum
821 1352 916 1382 super
938 1342 1038 1371 tribus
1064 1341 1215 1376 articulis,

307 1393 427 1423 scilicet
439 1393 478 1422 ad
491 1392 667 1432 eligendum
679 1398 924 1432 procuratorem,
938 1397 968 1420 et
980 1392 1018 1420 ad
1031 1390 1216 1420 audiendum

307 1447 482 1482 computum
503 1440 687 1480 receptoris‚
711 1447 742 1470 et
763 1441 801 1470 ad
817 1440 1068 1480 supplicandum.
1091 1439 1217 1469 Electus

307 1491 364 1520 fuit
384 1491 416 1520 in
445 1496 676 1530 procuratorem
701 1496 731 1519 et
753 1489 948 1519 continuatus
973 1489 1122 1528 magister
1144 1488 1216 1518 Otto

308 1538 424 1579 Boecij.
449 1539 622 1579 Computus
648 1538 820 1578 receptoris
842 1548 904 1567 non
929 1538 986 1567 suit
1005 1537 1138 1571 auditus,
1161 1537 1216 1567 sed

307 1588 437 1618 delatus.
457 1587 650 1628 Supplicavit
667 1587 699 1616 in
721 1587 826 1617 eadem
849 1586 1096 1626 congregacione
1118 1586 1217 1627 magi-

306 1644 372 1667 ster
393 1636 509 1667 Paulus
529 1637 568 1666 de
591 1636 695 1666 Gelria
716 1646 775 1676 pro
793 1635 893 1666 literis
910 1635 1217 1665 recommendatoriis

307 1686 340 1716 in
355 1687 452 1716 forma
469 1691 618 1716 consueta
633 1686 672 1715 ad
689 1685 839 1725 quosdam
855 1684 998 1714 dominos
1015 1685 1052 1713 de
1074 1683 1216 1724 partibus

306 1735 384 1770 suis,
401 1733 489 1774 eujus
503 1733 697 1775 supplicacio
710 1734 766 1764 suit
781 1733 976 1773 interempta.
995 1733 1056 1763 Sed
1074 1732 1147 1772 quia
1159 1732 1216 1762 ali-

305 1784 410 1824 quide
425 1783 554 1813 nacione
566 1783 758 1818 asserebant,
775 1782 856 1812 illam
871 1782 1133 1822 supplicacionem
1147 1791 1216 1811 esse

306 1833 481 1873 rigorosam
498 1842 566 1862 eum
582 1831 723 1872 predicto
738 1831 887 1871 magistro
904 1831 1012 1865 Paulo,
1027 1837 1057 1860 et
1073 1830 1217 1860 dicebant

307 1881 368 1912 sibi
378 1881 444 1911 fieri
460 1880 603 1922 injuriam
619 1881 680 1911 nisi
695 1881 756 1910 sibi
769 1881 992 1910 concederetur
1009 1892 1015 1909 :
1033 1886 1218 1919 procurator

308 1930 466 1971 predictus
479 1939 575 1970 super
587 1929 646 1959 hoc
658 1939 715 1970 per
727 1929 870 1970 singulos
884 1929 1050 1969 magistros
1066 1928 1216 1958 inducens

307 1978 565 2020 singulorumque
581 1985 653 2008 vota
669 1978 840 2018 recipiens,
859 1979 891 2008 in
911 1978 970 2008 hoc
987 1977 1104 2007 invenit
1120 1977 1216 2017 majo-

306 2038 372 2058 rem
394 2034 512 2067 partem
538 2027 680 2057 nacionis
701 2028 898 2062 concordem,
926 2037 998 2064 ymo
1024 2027 1087 2056 sere
1110 2032 1214 2061 totam,

307 2077 391 2117 quod
417 2076 609 2116 supplicacio
630 2076 763 2116 predicti
786 2076 926 2116 magistri
948 2075 1003 2105 suit
1022 2075 1166 2115 rigorose
1187 2081 1217 2104 et

305 2126 503 2156 concedenda
527 2125 565 2155 de
588 2125 704 2164 rigore.
728 2125 769 2155 Et
786 2125 832 2155 sie
857 2131 1040 2164 procurator
1061 2134 1126 2154 eam
1147 2134 1216 2154 esse

284 2170 288 2172 ’
306 2174 480 2215 rigorosam
502 2173 656 2204 conclusit
678 2180 708 2203 et
730 2183 787 2214 per
805 2183 1001 2213 consequens
1023 2183 1214 2203 concessam.

348 2223 423 2254 ltem
442 2224 519 2253 facta
536 2222 784 2263 congregacione
801 2222 940 2252 nacionis
955 2222 1094 2262 predicte
1109 2221 1216 2262 Angli-

306 2282 381 2302 cane
401 2272 433 2302 in
450 2273 587 2302 crastino
610 2273 768 2302 beatorum
788 2271 999 2311 apostolorum
1019 2271 1164 2310 Symonis
1187 2277 1217 2300 et

306 2321 384 2351 Jnde
399 2322 480 2361 apud
493 2321 637 2351 Sanctum
652 2320 839 2350 Maturinum
852 2320 929 2350 hors
941 2330 1089 2350 nonarum
1104 2319 1216 2350 Nostre

307 2370 438 2400 Domine
451 2371 488 2400 ad
505 2369 678 2399 habendum
699 2369 862 2399 consilium
882 2370 922 2399 de
939 2370 1041 2404 modo,
1061 2369 1217 2408 quomodo

307 2428 341 2449 se
357 2419 508 2449 deberent
522 2418 636 2448 habere
653 2418 791 2448 officiarii
810 2418 949 2447 nacionis
967 2417 1050 2447 circa
1067 2418 1217 2457 quosdam

306 2468 486 2508 incepturos
504 2467 534 2497 in
552 2467 688 2502 artibus,
703 2466 883 2496 licenciatos
902 2466 1082 2496 auctoritate
1100 2465 1216 2495 domini

308 2515 477 2547 Clementis
486 2515 510 2551 ³,
525 2522 556 2546 et
573 2517 612 2546 ad
630 2515 879 2556 supplicandum.
895 2515 1088 2555 Supplicavit
1103 2514 1216 2544 ibidem

306 2564 464 2595 lohannes
483 2565 623 2595 bodellus
642 2565 723 2595 dicte
750 2564 889 2595 nacionis
914 2573 972 2604 pro
993 2573 1027 2594 se
1051 2569 1082 2593 et
1101 2564 1217 2593 subbe-

307 2613 400 2649 dello,
416 2619 450 2644 ut
466 2614 676 2644 venderentur
692 2613 765 2643 libri
783 2613 905 2643 nacioni
924 2613 955 2642 in
970 2612 1094 2642 vadium
1109 2612 1215 2652 positi.

306 2667 336 2692 et
350 2662 434 2703 quod
448 2663 487 2693 de
502 2662 555 2692 itta
570 2654 699 2703 pecunia
717 2662 890 2692 solveretur
906 2661 951 2691 eis
969 2661 1097 2701 pecunia
1113 2661 1216 2691 debita

306 2710 353 2741 eis
370 2722 388 2742 ι
402 2711 542 2741 nacione.
559 2710 657 2752 Cujus
674 2711 879 2752 supplicacio,
897 2710 968 2751 quia
984 2710 1144 2750 rigorose,
1162 2710 1217 2740 suit

339 2818 362 2841 ¹.
394 2817 528 2842 ,totamm
550 2817 669 2850 laqueti.
694 2820 778 2842 rector
799 2818 829 2842 10
852 2815 1072 2841 oetam-occentu.
1094 2816 1132 2840 16.
1161 2816 1215 2840 rid.

307 2852 436 2884 cti-nul..
453 2853 499 2880 lll.
514 2857 541 2877 n·
551 2853 621 2882 ¹⁴7⁴.
635 2853 679 2877 aba*
688 2853 766 2877 utiam
778 2853 811 2877 de
821 2852 915 2877 rotulo.

339 2889 362 2912 2.
395 2889 416 2912 Ι.
437 2897 460 2913 n.
482 2888 688 2916 Gebenneoeem.
711 2888 767 2912 scil.
790 2888 938 2913 Johunnem
959 2888 991 2912 de
1012 2888 1133 2913 Murolio.
1161 2889 1216 2914 vid.

307 2923 438 2951 Cbnrtul..
452 2923 497 2952 ΙΙΙ,
515 2931 542 2955 p.
555 2924 611 2952 δὸτι,
623 2926 676 2948 nol.
688 2924 727 2948 28.

339 2959 363 2982 3.
395 2959 431 2983 De
445 2966 497 2991 quo
515 2958 567 2982 oid.
579 2966 658 2991 supra
672 2967 699 2991 p.
711 2958 767 2988 ⁶18,
779 2958 818 2984 ⁴5.
829 2959 984 2984 Deliberatio
997 2959 1110 2984 nationis
1122 2959 1215 2984 ibidem

813 433 927 460 LIBER
946 431 1260 460 PROCURATORUM
1280 430 1461 457 NATIOMS
1480 430 1726 457 ANGLlCANAE

1270 707 1286 733 5

2178 431 2234 456 630

1322 517 1482 536 concessa.
1500 507 1546 536 De
1564 507 1662 546 primo
1678 506 1807 535 articulo
1825 517 1885 535 non
1906 507 1961 536 suit
1981 507 2083 536 habita
2100 518 2233 538 eoncor-

1323 556 1383 590 dia,
1401 562 1431 585 et
1448 565 1524 595 ergo
1542 555 1638 584 nichil
1656 555 1845 584 conclusum.

1364 605 1439 634 ltem
1454 605 1504 634 die
1519 605 1616 634 XXX*
1633 604 1749 634 mensis
1766 604 1912 634 Octobris
1934 605 2049 644 incepit
2068 606 2098 634 in
2114 607 2234 636 artibus

1323 654 1466 684 dominus
1489 653 1671 683 Guillelmus
1691 654 1728 682 de
1751 653 1880 682 Camera
1901 655 1958 682 sub
1979 655 2126 693 magistro
2144 656 2233 685 Guil-

1323 702 1414 732 lelmo
1444 703 1482 732 de
1507 701 1694 737 Strebron⁴‚
1720 701 1806 741 cujus
1834 703 1927 731 bursa
1955 705 1973 732 5
1999 704 2101 732 solidi.
2135 705 2233 734 Solvit

1277 765 1285 773 ·
1323 751 1490 791 receptori,
1506 758 1536 781 et
1545 750 1663 790 juravit
1681 751 1888 790 procuratori.

1253 953 1287 979 10

1254 1198 1288 1224 15

1254 1443 1288 1470 2⁰

1254 1687 1288 1714 25

1253 1933 1288 1959 30

1254 2178 1288 2204 35

1255 2422 1289 2448 40

1366 800 1440 830 ltem
1460 800 1510 829 die
1532 800 1602 829 Vll·
1619 800 1735 830 mensis
1758 800 1943 830 Novembris
1963 802 2039 830 sacta
2061 812 2235 843 congrega-

1323 850 1412 879 cione
1434 850 1586 879 facultatis
1617 850 1699 889 apud
1721 849 1866 878 Sanctum
1890 849 2044 879 Julianum
2069 861 2233 890 pauperem

1324 898 1400 928 hora
1412 898 1726 938 primarum‚auditus
1742 899 1798 928 fuit
1812 898 1854 927 ibi
1867 906 2029 938 computus
2038 901 2156 940 antiqui
2172 912 2235 930 ree-

1324 948 1414 982 toris,
1438 954 1627 987 conquestus
1655 947 1749 976 eciam
1773 948 1829 977 suit
1851 948 1999 987 magister
2017 949 2174 979 ‚lohannes
2198 951 2235 979 de

1325 997 1492 1031 Hokelem,
1509 996 1641 1036 qualiter
1657 1007 1674 1026 a
1697 997 1881 1036 quibusdam
1904 998 2077 1036 suppositis
2097 999 2235 1028 nacionis

1323 1046 1496 1086 Anglicane
1518 1046 1549 1075 in
1575 1046 1705 1085 quadam
1732 1046 1980 1085 congregacione
2003 1047 2141 1077 nacionis
2167 1059 2234 1087 pre-

1325 1095 1406 1124 dicte
1429 1095 1538 1124 fuisset
1555 1101 1701 1134 gravatus
1713 1094 1737 1129 ⁵,
1755 1105 1772 1124 a
1786 1095 1900 1134 quibus
1918 1096 2150 1134 gravaminibus
2167 1098 2236 1137 ipse

1325 1144 1514 1184 appellasset
1539 1145 1576 1173 ad
1607 1143 1790 1173 facultatem.
1820 1144 1921 1181 Quare
1955 1145 2015 1174 sibi
2049 1145 2142 1184 peciit
2170 1147 2236 1176 dari

1325 1194 1501 1233 deputatos,
1514 1193 1567 1232 qui
1583 1192 1726 1222 audirent
1738 1193 1846 1222 merita
1859 1203 1914 1222 sue
1927 1194 2159 1233 appellaeionis.
2178 1196 2237 1225 Cui

1325 1242 1388 1272 dati
1404 1242 1692 1281 fueruntdeputati.

1367 1291 1441 1321 Item
1459 1291 1510 1320 die
1529 1290 1616 1320 Vlll³
1631 1291 1747 1320 mensis
1763 1291 1948 1321 Novembris
1968 1293 2046 1322 facta
2062 1303 2237 1334 congrega-

1325 1340 1413 1371 cione
1439 1339 1658 1370 Universitatis
1678 1341 1759 1380 apud
1780 1340 1924 1370 Sanctum
1949 1341 2133 1371 Maturinuin
2157 1343 2238 1373 inter

1325 1389 1384 1419 alia
1407 1389 1449 1418 ibi
1474 1395 1549 1424 acta,
1575 1389 1699 1429 quidam
1722 1389 1863 1430 magistri
1887 1390 2026 1420 nacionis
2051 1392 2235 1430 Anglieane,

1326 1438 1445 1468 scilicet
1459 1438 1599 1478 magistri
1612 1438 1795 1468 Guilleltnus
1811 1439 1849 1468 de
1868 1439 2018 1468 Strcbron
2032 1446 2062 1469 ct
2078 1441 2237 1471 Arnoldus

1326 1489 1376 1527 [de
1394 1487 1543 1526 Arnhem]
1560 1494 1590 1517 et
1609 1487 1703 1527 aliqui
1727 1488 1771 1517 eis
1794 1488 1978 1518 adherentes
1995 1490 2234 1529 [conquereban-

1325 1538 1386 1576 tur]
1410 1536 1542 1577 qualiter
1564 1537 1652 1566 nacio
1676 1537 1815 1576 predicta
1838 1545 1981 1577 gravaret
2006 1538 2184 1568 licenciatos
2205 1540 2234 1569 in

1326 1587 1440 1616 Nostra
1457 1586 1600 1621 Domina,
1622 1585 1731 1615 nolens
1752 1596 1806 1615 eos
1830 1587 1970 1626 recipere
1988 1588 2024 1616 ad
2049 1589 2126 1617 sa'cta
2151 1599 2235 1618 com-

1326 1635 1429 1665 munia
1444 1635 1598 1670 nacionis,
1619 1641 1649 1664 et
1669 1635 1764 1664 eciam
1783 1636 1945 1675 conquesti
1967 1637 2090 1666 suerunt
2104 1638 2237 1676 qualiter

1326 1685 1474 1724 magister
1494 1684 1649 1713 Jordanus
1671 1690 1815 1724 receptor
1837 1685 1975 1714 nacionis
2001 1686 2138 1725 predicte
2166 1687 2237 1716 fecit

1325 1743 1468 1774 magnum
1486 1734 1651 1773 dampnum
1668 1733 1788 1762 nacioni
1804 1733 1835 1762 in
1854 1733 1922 1769 hoc,
1937 1736 2019 1774 quod
2040 1735 2136 1765 noluit
2154 1736 2235 1765 reci-

1326 1793 1400 1823 pere
1421 1783 1583 1822 pecuniam
1605 1783 1642 1811 ab
1663 1782 1732 1811 istis
1744 1781 1767 1811 ⁶.
1801 1783 1839 1812 Et
1861 1783 1954 1812 eciam
1983 1784 2237 1824 supplicaverunt

1325 1832 1409 1871 quod
1436 1833 1561 1861 daretur
1582 1831 1628 1861 eis
1653 1831 1837 1861 inrotulator
1865 1833 1902 1861 ab
1934 1832 2158 1869 universitate,
2183 1834 2234 1873 qni

1325 1887 1450 1921 caperet
1465 1880 1714 1920 supplicaciones
1730 1891 1847 1916 eorum,
1868 1891 1935 1911 nam
1952 1882 2013 1921 ipsi
2029 1882 2142 1912 vellent
2160 1884 2234 1922 poni

1326 1930 1357 1960 in
1370 1930 1482 1959 rotulo.
1500 1930 1580 1959 Dein
1593 1929 1787 1959 facultatibus
1802 1941 1834 1959 se
1848 1931 2040 1960 trahentibus
2053 1933 2090 1960 ad
2105 1938 2235 1971 partem,

1325 1979 1453 2008 nacione
1478 1979 1573 2008 eciam
1598 1979 1635 2008 ad
1659 1986 1776 2018 partem
1798 1986 1830 2008 ut
1851 1980 1946 2009 moris
1967 1986 2014 2009 est
2032 1988 2234 2020 congregata,

1325 2029 1397 2058 dum
1416 2034 1599 2068 procurator
1612 2034 1683 2058 vota
1698 2028 1891 2068 singulorum
1911 2030 2127 2069 magistrorum
2147 2040 2234 2059 rece-

1325 2077 1436 2117 pisset,
1452 2077 1592 2117 magistri
1609 2077 1792 2107 Guillelmus
1808 2078 1846 2106 de
1863 2078 2013 2107 Strebron
2032 2085 2062 2107 et
2077 2078 2235 2108 „lohannes

1325 2127 1363 2156 de
1388 2126 1537 2156 Hokelem
1558 2133 1588 2156 et
1607 2126 1659 2155 alii
1680 2126 1725 2155 eis
1747 2126 1931 2156 adherentes
1955 2129 2106 2166 quendam
2132 2134 2235 2157 extra—

1326 2185 1428 2209 neum,
1439 2186 1500 2204 non
1514 2175 1708 2215 magistrum,
1718 2176 1755 2204 dc
1770 2176 1898 2204 nacione
1912 2176 2039 2211 Gallica,
2050 2178 2087 2205 ad
2100 2187 2133 2206 se
2146 2187 2234 2206 voea-

1325 2230 1436 2254 verunt
1454 2225 1542 2263 quasi
1563 2224 1662 2264 ipsum
1685 2235 1772 2254 suum
1795 2231 2026 2263 procuratorem
2046 2226 2235 2255 constituen-

1326 2279 1388 2308 tes;
1406 2273 1507 2312 ipsum
1524 2274 1660 2303 fecerunt
1675 2280 1746 2303 vota
1763 2274 1980 2313 magistrorum
1997 2275 2147 2313 recipere,
2163 2285 2233 2314 pro-

1326 2329 1467 2352 curatore
1499 2322 1639 2352 nacionis
1676 2322 1764 2362 ipsos
1800 2323 1976 2362 requirente
2010 2323 2169 2358 instanter,
2204 2330 2235 2352 ut

1326 2370 1427 2410 ipsum
1451 2372 1597 2400 recedere
1615 2373 1751 2400 facerent
1772 2378 1801 2401 et
1819 2372 1920 2411 ipsum
1933 2371 1944 2390 ⁷
1968 2373 2135 2401 secundum
2155 2373 2234 2401 deli-

1326 2420 1502 2449 berationes
1517 2420 1735 2459 magistrorum
1745 2421 1913 2450 deliberata
1928 2421 2039 2450 ibidem
2050 2421 2235 2451 concludere

1326 2469 1552 2509 permitterent.
1569 2470 1660 2506 Quod
1674 2469 1734 2509 ipsi
1749 2470 1848 2498 facere
1863 2476 2053 2505 recusantes,
2069 2470 2147 2499 idem
2165 2481 2233 2509 pro-

1326 2524 1450 2547 curator
1467 2518 1574 2547 dicens
1592 2524 1623 2547 et
1640 2524 1818 2558 protestans
1837 2530 1870 2547 se
1885 2525 2042 2557 gravatum
2062 2518 2154 2548 nichil
2174 2519 2235 2548 ibi-

1280 2586 1282 2589 >
1326 2567 1394 2596 dem
1410 2567 1600 2596 concludens
1618 2567 1764 2601 surrexit,
1782 2574 1812 2596 et
1827 2567 1966 2596 recessit.

1254 2667 1288 2694 45

1366 2616 1441 2645 ltem
1464 2616 1514 2645 die
1535 2615 1589 2645 IX*¹
1607 2616 1722 2645 mensis
1745 2615 1929 2645 Novembris
1954 2616 2028 2645 liora
2051 2622 2121 2655 post
2140 2617 2234 2646 ineri-

1325 2665 1405 2694 diem
1419 2665 1507 2704 quasi
1522 2671 1608 2694 sexta
1619 2665 1702 2694 venit
1712 2666 1749 2693 ad
1761 2666 1883 2694 domuin
1898 2665 2108 2703 procuratoris
2121 2665 2234 2695 Julian-

1326 2723 1381 2743 nes
1408 2713 1547 2743 bedellus
1576 2713 1715 2743 nacionis
1741 2713 1923 2752 Anglicanc,
1949 2714 2051 2743 serens
2080 2715 2234 2753 quandam

1322 2819 1407 2851 posita
1421 2819 1532 2851 refertur
1544 2818 1580 2842 ad
1594 2817 1739 2841 licentiatos
1747 2826 1793 2849 per
1805 2817 1996 2842 cancellarium.

1355 2855 1379 2878 ΙΙ.
1413 2856 1432 2878 Ι.
1445 2863 1466 2878 e.
1480 2853 1607 2878 Trebron.

1355 2891 1379 2913 b.
1418 2889 1472 2913 vid.
1486 2898 1562 2921 cupra
1578 2897 1601 2920 p.
1615 2889 1669 2917 ⁶27,
1686 2889 1724 2912 ¹16.

1356 2927 1381 2949 o.
1421 2925 1475 2949 vid.
1486 2933 1564 2957 eupm
1576 2934 1602 2957 p.
1611 2925 1667 2951 ow.
1680 2924 1703 2947 7.

1355 2961 1379 2985 7.
1412 2961 1472 2984 Scit.
1482 2963 1685 2992 procuratum-m.

1442 0 2083 29 «wvmmvmwvwmwfflr
2091 0 2121 12 τ·
2131 0 2156 9 ι’·
2168 0 2181 10 ·-
2189 0 2226 19 w
2248 6 2266 16 ,-
2287 10 2290 12 v
2303 0 2307 3 »
2325 0 2327 2 -
2363 0 2367 1 ⁷
