2632 3464
278 431 312 457 45
784 429 897 455 LIBER
918 426 1232 454 PROCURATORUM
1252 426 1433 453 NATIONIS
1452 427 1698 452 ANGLICANAE
2172 428 2208 453 46

274 507 332 536 fuit
348 512 493 536 statutum
511 506 662 536 facultatis
680 511 788 535 contra
805 514 902 534 novas
919 503 1084 543 opiniones
1104 512 1183 542 quo-

275 556 416 590 rundam,
434 556 487 595 qui
502 562 652 585 vocantur
664 554 861 588 Oechaniste,
876 553 907 582 in
921 553 1013 582 domo
1026 552 1100 582 dicti
1113 562 1184 591 pro-

275 604 444 639 curatoris,
463 610 494 634 et
515 603 703 644 puplicatum
725 602 781 632 fuit
804 602 885 631 idem
911 607 1056 631 statutum
1080 610 1183 630 coram

278 652 486 683 Universitate
502 653 583 693 apud
601 652 818 682 Predicatores
834 651 866 680 in
882 661 1024 680 sermone
1036 649 1059 679 ⁴.

317 701 392 731 ltem
405 701 620 732 determinavit
631 700 774 730 dominus
788 700 984 729 Hermannus
997 700 1035 728 de
1051 699 1183 733 Rostok,

275 751 330 790 qui
355 751 512 786 transivit,
542 750 652 780 solutis
679 749 855 785 solvendis,
892 749 1011 778 ratione
1043 747 1185 788 magistri

276 799 439 830 Laurencii
457 801 495 830 de
512 800 604 829 domo
622 799 771 833 Navarre,
787 797 875 837 cujus
892 799 988 827 bursa
1004 797 1031 826 V
1046 797 1150 827 solidi.

687 901 782 930 1341

277 982 505 1014 Procuracio
543 979 717 1020 magistri
756 979 879 1009 Ulrici
917 980 960 1008 de
1000 978 1184 1018 Augusta.

316 1069 407 1100 Anno
432 1067 557 1098 Domini
578 1066 800 1101 M⁰CCC⁰XL.‚
825 1065 855 1095 in
880 1066 929 1095 die
955 1072 1059 1095 sancte
1079 1065 1187 1095 Scola-

276 1116 387 1153 stice²‚
415 1115 593 1146 convocatis
615 1115 774 1155 magistris
796 1114 936 1143 nacionis
959 1114 1130 1154 Anglicane
1155 1120 1189 1143 ut

276 1167 371 1197 moris
396 1172 444 1195 est
466 1165 548 1205 apud
573 1164 719 1194 Sanctum
740 1164 894 1193 sulianum
920 1173 1087 1203 pauperem
1112 1163 1188 1192 hora

275 1216 392 1256 prime,
423 1215 540 1244 electus
574 1213 631 1243 fuit
666 1213 863 1243 concorditer
893 1213 925 1241 in
953 1218 1188 1252 procuratorem

275 1265 424 1306 magister
442 1263 569 1294 Ulricus
585 1263 622 1292 de
638 1262 791 1302 Augusta,
809 1262 840 1291 in
858 1261 946 1301 cujus
965 1261 1188 1301 procuracione

275 1320 343 1344 acta
360 1319 432 1343 sunt
449 1323 509 1353 que
525 1318 682 1342 secuntur.

317 1362 422 1392 Primo
446 1361 595 1402 magister
618 1361 804 1391 Chonradus
826 1361 864 1389 de
887 1359 992 1389 Monte
1011 1359 1187 1389 Puellarum

277 1411 370 1442 solvit
384 1410 496 1441 XXXV
511 1410 629 1440 solidos
644 1410 812 1450 parisiens.
830 1419 888 1449 pro
903 1409 1079 1449 privilegiis
1096 1419 1188 1449 rega-

276 1461 358 1490 libus
369 1459 394 1496 ³,
407 1466 438 1490 et
458 1459 607 1500 magister
620 1458 746 1489 Ulricus
762 1459 799 1488 de
810 1458 952 1498 Augusta
966 1457 1060 1487 solvit
1073 1458 1100 1487 X
1116 1457 1188 1487 soli-

276 1511 334 1539 dos
350 1509 518 1550 parisiens.
537 1518 595 1548 pro
614 1508 742 1537 eisdem.

318 1558 392 1588 ltem
423 1557 473 1587 die
507 1555 599 1586 lune*
627 1556 770 1596 proxima
800 1562 873 1596 post
898 1557 1049 1585 [avocavit
1071 1556 1188 1585 vocatis

277 1606 436 1647 magistris
459 1605 622 1635 nacionis⁵
645 1606 727 1645 apud
760 1605 905 1634 Sanctum
932 1605 1086 1635 Julianum
1116 1615 1187 1645 pau-

275 1666 382 1696 perem
405 1656 443 1684 ad
469 1655 674 1685 ordinandum
699 1661 729 1684 et
755 1654 992 1694 supplicandum
1008 1660 1080 1690 etc.‚
1100 1655 1188 1683 nacio

276 1705 357 1734 dicta
374 1705 474 1740 dedit,
493 1704 650 1734 concessit
672 1709 702 1733 et
724 1703 887 1733 defalcavit
907 1703 1057 1743 magistro
1080 1703 1188 1733 Chun-

275 1754 352 1784 rado
367 1754 404 1783 de
423 1753 528 1783 Monte
540 1752 728 1788 Puellarum,
742 1752 855 1782 nuncio
872 1752 953 1782 dicte
966 1753 1118 1788 nacionis,
1131 1762 1188 1792 pro

275 1804 325 1833 via
341 1803 379 1832 ad
401 1802 518 1832 curiam
540 1802 710 1832 Romanam
732 1811 854 1831 omnem
875 1801 1052 1841 pecuniam,
1078 1801 1108 1831 in
1129 1812 1189 1842 qua

276 1859 349 1883 tunc
373 1851 523 1892 temporis
545 1851 646 1881 dictus
671 1850 820 1891 magister
842 1860 896 1880 seu
918 1851 1049 1880 nuncius
1071 1851 1188 1891 prefate

275 1901 398 1931 nacioni
420 1901 591 1931 tenebatur.
615 1899 755 1930 Ulterius
778 1900 858 1929 dicte
883 1899 1024 1930 nacionis
1046 1900 1188 1940 magistri

276 1951 508 1985 ordinaverunt,
542 1950 624 1989 quod
657 1959 715 1989 pro
748 1949 889 1978 subsidio
923 1955 953 1978 et
979 1949 1189 1979 sublevamine

276 1999 350 2029 dicti
371 1999 476 2028 nuncii
497 1998 627 2038 quilibet
646 1998 806 2038 magister,
828 1998 881 2038 qui
901 1998 994 2028 vellet
1014 1998 1188 2033 irrotulari,

277 2049 414 2079 traderet
441 2047 502 2077 sibi
526 2048 605 2077 duos
631 2047 767 2076 florenos
796 2047 834 2076 de
864 2047 1036 2076 Florencia.
1070 2047 1103 2076 ln
1131 2047 1189 2076 hoc

277 2107 386 2127 omnes
403 2096 555 2137 magistri,
574 2096 627 2136 qui
643 2102 716 2126 tunc
734 2102 897 2136 presentes
917 2096 1050 2131 fuerunt,
1069 2096 1190 2136 simpli-

278 2146 356 2176 citer
387 2151 629 2180 consenserunt,
663 2145 801 2184 exceptis
834 2146 990 2174 dumtaxat
1019 2145 1189 2185 magistris,

277 2195 423 2225 videlicet
436 2194 604 2233 Gera[r]do
619 2193 777 2234 Pelegrini
788 2194 826 2223 de
842 2193 974 2230 Marten‚
988 2194 1041 2234 qui
1057 2195 1189 2230 dicebat,

279 2245 362 2284 quod
380 2243 541 2284 pecuniam
557 2244 595 2273 ad
611 2253 743 2283 presens
764 2253 826 2272 non
846 2242 990 2279 haberet,
1008 2244 1063 2273 sed
1083 2254 1191 2283 spera-

279 2293 331 2323 bat
350 2293 382 2322 in
405 2293 493 2322 brevi
515 2292 677 2332 pecuniam
701 2292 738 2321 de
764 2292 906 2332 partibus
928 2291 1106 2328 habiturus,
1132 2303 1193 2332 qua

279 2341 383 2371 habita
395 2341 594 2381 promittebat
608 2340 786 2370 satisfacere
799 2341 910 2377 eidem,
925 2347 956 2371 et
966 2341 1099 2371 finaliter
1111 2341 1192 2371 dice-

279 2391 331 2420 bat
358 2391 438 2420 infra
461 2391 571 2420 festum
597 2389 821 2420 Pentechostes
846 2390 929 2420 dicto
953 2391 1067 2420 nuncio
1092 2390 1193 2420 dictos

280 2439 426 2475 florenos,
443 2438 492 2469 vel
511 2439 538 2468 si
556 2439 636 2468 infra
654 2445 762 2478 posset
777 2438 903 2475 babere,
920 2439 1104 2479 simpliciter
1120 2450 1193 2480 per-

279 2488 446 2524 solvendo;
473 2494 504 2518 et
529 2487 698 2518 Nicholaus
729 2488 830 2518 dictus
862 2488 1012 2518 Drukken
1034 2490 1072 2518 de
1098 2489 1193 2519 Dacia

279 2537 416 2573 dicebat,
435 2538 519 2577 quod
536 2537 575 2566 ad
593 2547 724 2577 presens
743 2537 834 2567 etiam
852 2547 915 2567 non
932 2537 1075 2574 haberet,
1093 2539 1149 2568 sed
1167 2539 1193 2568 si

280 2587 319 2616 de
335 2586 477 2626 partibus
494 2586 652 2622 habuerit,
675 2592 708 2616 ut
727 2587 887 2626 sperabat,
909 2587 1051 2627 graciose
1072 2587 1194 2617 solvere

280 2634 455 2665 nullatenus
479 2636 653 2671 recusabat,
677 2635 732 2665 sed
754 2635 785 2664 in
808 2635 900 2665 dictis
922 2635 1050 2666 florenis
1071 2636 1195 2666 nolebat

312 2750 335 2774 1.
364 2751 494 2774 Staeutum
505 2758 548 2774 an.
559 2749 629 2778 1340,
639 2749 754 2774 Decemh.
763 2750 792 2774 27
804 2749 829 2774 in
840 2749 959 2775 Chai-tul.
970 2750 1091 2775 Univera.
1100 2751 1195 2783 Parim,

282 2786 315 2814 ΙΙ,
333 2789 360 2809 n·
373 2785 443 2809 1042.

313 2822 337 2845 2.
372 2821 402 2844 10
412 2820 555 2845 Februarii.

313 2857 335 2880 ³.
370 2857 426 2880 Duo
439 2855 576 2890 privilegia
594 2855 707 2888 Philippi
725 2857 758 2880 W
775 2857 841 2887 regin
861 2858 1017 2882 Francorum
1034 2858 1059 2881 in
1076 2858 1195 2883 Char-tul.

283 2891 405 2916 Univm.
418 2892 513 2920 Parim,
527 2892 550 2916 ΙΙ
558 2910 563 2920 ,
578 2891 612 2915 n‘·
625 2892 694 2919 1048.
714 2892 783 2916 1044.
804 2893 882 2916 Verba
895 2894 1012 2925 cuper-iun
1029 2893 1111 2918 relata
1125 2902 1196 2926 mag,

281 2927 489 2951 Cbonrndun.....
508 2935 556 2959 pro
574 2927 674 2951 eisdem
693 2927 802 2959 inseriae
819 2928 885 2953 incer
899 2929 1107 2954 neten-minante·
1125 2938 1197 2962 repe-

294 2965 380 2990 untur.
393 2962 439 2987 ubi
447 2966 538 2995 postea
552 2962 636 2987 deleta
650 2966 718 2987 nune.

1225 949 1259 975 10

1226 1197 1259 1222 15

1226 1444 1260 1470 20

1226 1691 1260 1716 25

1227 1937 1261 1962 30

1228 2182 1262 2208 35

1230 2429 1264 2455 40

1232 2675 1266 2701 45

1292 502 1436 542 obligari.
1462 502 1594 542 Insuper
1619 502 1675 531 fuit
1699 503 1890 537 ordinatum,
1917 504 1999 542 quod
2026 503 2052 532 si
2082 504 2205 533 contin-

1292 551 1385 590 gerit,
1402 551 1454 580 uni
1471 551 1530 580 soli
1547 551 1596 580 vel
1614 551 1757 590 pluribus
1780 552 1950 590 provideri,
1972 553 2055 591 quod
2076 563 2112 581 ex
2134 559 2205 582 tunc

1293 597 1344 627 ille
1367 598 1452 627 solus
1473 598 1522 627 vel
1541 597 1648 637 plures
1669 598 1787 637 provisi
1807 598 2007 628 restituerent
2030 609 2103 628 suos
2128 600 2206 628 duos

1293 647 1428 676 florenos
1444 648 1570 677 cuilibet
1586 658 1648 676 non
1666 648 1806 687 proviso,
1824 649 1907 687 quod
1924 648 1950 677 si
1966 655 2065 677 autem
2085 649 2207 677 accide-

1294 702 1352 731 ret,
1366 697 1449 735 quod
1465 697 1541 725 nulli
1559 697 1778 736 provideretur
1794 697 1878 735 quod
1895 697 2025 736 quilibet
2043 698 2091 726 sui
2108 698 2206 736 ipsius

1294 746 1460 785 dampnum
1477 752 1507 775 et
1529 746 1755 775 incommodum
1774 745 1966 784 deploraret,
1984 752 2014 775 et
2032 746 2135 775 nullus
2153 746 2206 775 ulli

1294 800 1452 824 teneretur
1465 795 1633 834 quidquam
1646 795 1810 824 resarcire.
1825 794 1860 823 In
1874 795 1932 824 hoc
1946 805 2053 824 omnes
2067 795 2207 835 magistri

1295 851 1522 873 consenserunt
1548 850 1677 884 excepto
1702 844 1786 873 dicto
1806 844 1955 884 magistro
1978 844 2138 873 Nicholao.
2163 844 2207 873 Ex

1295 899 1368 923 tunc
1390 893 1505 922 dictum
1525 893 1595 928 fuit,
1616 894 1699 933 quod
1718 894 1755 922 de
1776 893 1920 922 omnibus
1939 893 2008 922 istis
2032 894 2208 922 ordinacio-

1297 942 1388 972 nibus
1405 943 1492 971 fieret
1511 942 1601 972 litera
1618 943 1676 971 sub
1697 942 1804 982 sigillo
1823 942 1965 971 nacionis
1985 942 2034 971 vel
2051 942 2208 982 publicum

1296 992 1546 1021 instrumentum.

1591 1095 1910 1124 Determinantes.

1337 1180 1443 1210 Primo
1467 1181 1611 1210 dominus
1637 1179 1794 1210 Johannes
1823 1181 1861 1209 de
1890 1180 1992 1209 Misna
2021 1179 2210 1209 Alamannus

1297 1231 1355 1260 sub
1371 1230 1521 1270 magistro
1537 1229 1644 1259 Ulrico
1663 1229 1701 1258 de
1722 1229 1879 1268 Augusta,
1897 1235 1970 1259 tunc
1990 1235 2208 1268 procuratore.

1297 1278 1385 1319 cujus
1402 1279 1498 1308 bursa
1515 1278 1622 1308 nichil.

1339 1328 1414 1358 Item
1437 1328 1580 1358 dominus
1605 1327 1760 1357 Henricus
1783 1328 1820 1356 de
1844 1327 1981 1362 Boemia,
2006 1326 2094 1366 cujus
2117 1328 2211 1356 bursa

1297 1377 1404 1406 nichil.

1338 1426 1413 1456 Item
1437 1426 1582 1455 dominus
1605 1425 1724 1455 Franco
1744 1426 1782 1455 de
1798 1424 1970 1455 Turtraco⁶
1987 1426 2044 1454 sub
2061 1425 2210 1465 magistro

1298 1475 1438 1504 Gerardo
1455 1475 1614 1515 Pelegrini
1629 1476 1667 1504 de
1681 1475 1813 1510 Marten‚
1831 1473 1919 1514 cujus
1936 1475 2031 1503 bursa
2046 1474 2088 1503 111
2105 1474 2208 1503 solidi.

1339 1525 1413 1554 Item
1440 1525 1584 1553 dominus
1612 1524 1770 1554 Johannes
1799 1523 1913 1553 Arneri
1942 1524 1980 1552 de
2013 1524 2122 1553 Svecia
2153 1524 2211 1552 sub

1298 1574 1448 1613 magistro
1483 1573 1651 1603 Chonrado
1684 1574 1722 1602 de
1754 1573 1860 1602 Monte
1892 1572 2084 1608 Puellarum,
2124 1572 2211 1612 cujus

1298 1624 1392 1652 bursa
1410 1623 1437 1652 11
1458 1623 1549 1652 solidi
1563 1640 1600 1644 —
1615 1622 1752 1651 nondum
1771 1622 1875 1652 solvit.

1339 1672 1413 1701 ltem
1445 1671 1588 1701 dominus
1621 1671 1822 1701 Burchardus
1858 1672 1896 1700 de
1935 1671 2123 1701 Constancia
2154 1672 2211 1700 sub

1298 1722 1417 1755 eodem,
1432 1719 1519 1760 cujus
1533 1721 1628 1750 bursa
1642 1720 1669 1749 11
1682 1720 1774 1750 solidi
1788 1727 1818 1750 et
1830 1721 1951 1756 dimid.‚
1966 1721 2081 1760 pignus
2095 1720 2210 1759 posuit,

1298 1769 1391 1799 solvit
1404 1769 1460 1799 XX
1476 1769 1607 1799 solidos.

1339 1819 1414 1849 Item
1438 1819 1580 1849 dominus
1602 1819 1757 1849 Henricus
1777 1820 1815 1848 de
1838 1819 2001 1849 Pluscardi
2022 1819 2134 1848 Scotus
2155 1820 2212 1848 sub

1298 1869 1418 1904 eodem,
1436 1867 1524 1908 cujus
1541 1869 1636 1898 bursa
1653 1868 1697 1897 111
1714 1868 1817 1898 solidi.

1340 1918 1414 1947 Item
1431 1918 1575 1947 dominus
1588 1917 1804 1956 Wilbe[l]mus
1817 1918 1855 1946 de
1871 1917 1974 1947 Scotia
1990 1918 2047 1947 sub
2063 1917 2212 1957 magistro

1298 1967 1438 1997 Johanne
1453 1967 1491 1996 de
1509 1966 1676 2006 Kyenhard
1696 1966 1805 2001 Scoto,
1826 1965 1914 2006 cujus
1930 1967 2024 1996 bursa
2044 1966 2086 1995 Ill
2107 1966 2210 1995 solidi.

1299 2016 1442 2046 Nondum
1465 2015 1572 2051 solvit,
1596 2016 1651 2045 sed
1674 2015 1818 2055 promisit
1841 2026 1943 2045 coram
1964 2015 2105 2050 nacione,
2129 2015 2212 2054 quod

1299 2065 1392 2094 vellet
1412 2075 1529 2104 ponere
1553 2063 1768 2105 fidejussorem
1787 2065 1868 2094 infra
1888 2071 1959 2095 octo
1978 2065 2057 2100 dies,
2077 2071 2107 2094 et
2124 2064 2212 2094 nacio

1299 2114 1385 2144 dedit
1397 2114 1457 2143 sibi
1471 2120 1586 2143 tantum
1602 2124 1701 2154 usque
1716 2115 1754 2143 ad
1771 2114 1879 2143 Pasca.

1341 2163 1416 2192 ltem
1437 2163 1581 2192 dominus
1599 2163 1790 2193 Laurencius
1811 2164 1848 2192 de
1870 2163 1966 2193 Dacia
1986 2164 2042 2192 sub
2063 2162 2213 2202 magistro

1302 2212 1438 2242 Henrieo
1453 2213 1491 2241 de
1510 2212 1615 2247 Dacia,
1633 2211 1721 2252 cujus
1734 2213 1830 2242 bursa
1843 2211 1870 2241 V
1885 2212 1965 2242 soldi
1982 2229 2021 2234 --
2037 2211 2139 2241 solvit.

1342 2261 1417 2292 Item
1434 2261 1583 2301 magister
1597 2261 1755 2291 Johannes
1774 2262 1812 2290 de
1829 2261 1946 2290 Kinard
1965 2261 2077 2290 Scotus
2097 2261 2212 2291 electus

1302 2310 1358 2339 fuit
1373 2310 1404 2339 in
1417 2309 1656 2339 examinatorem
1671 2309 1816 2349 superius
1827 2309 1839 2328 '¹
1861 2320 1920 2350 pro
1932 2310 2034 2350 primo
2052 2319 2168 2344 mense,
2184 2315 2212 2338 et

1302 2359 1450 2400 magister
1464 2358 1549 2388 Suno
1565 2358 1671 2388 Karoli
1687 2360 1724 2388 de
1741 2359 1852 2389 Suecia
1865 2369 1923 2399 pro
1940 2359 2076 2388 secundo
2095 2369 2211 2388 mense.

1343 2408 1418 2438 Item
1448 2408 1596 2447 magister
1625 2407 1812 2438 Chunradus
1839 2409 1876 2437 de
1905 2408 2011 2437 Monte
2038 2408 2213 2437 Puellarum

1303 2457 1419 2487 electus
1437 2457 1492 2487 fuit
1507 2467 1565 2497 pro
1583 2457 1696 2487 nuncio
1712 2458 1751 2487 ad
1768 2458 1884 2487 curiam
1901 2457 2079 2486 Romanam.

1344 2506 1419 2536 Item
1435 2506 1583 2547 magister
1597 2506 1773 2536 Richardus
1788 2507 1826 2535 de
1843 2506 1949 2535 Rocha
1968 2506 2079 2535 Scotus
2098 2506 2213 2546 incepit

1304 2556 1334 2584 in
1361 2556 1480 2585 artibus
1511 2555 1568 2585 sub
1596 2555 1744 2596 magistro
1773 2555 1912 2585 Johanne
1947 2555 2095 2590 Kinardo,
2126 2553 2213 2594 cujus

1303 2606 1398 2635 bursa
1413 2604 1485 2634 Vll!
1505 2605 1608 2634 solidi.

1335 2752 1359 2774 [ι.
1393 2752 1423 2774 26
1434 2751 1577 2775 Februarii.

1335 2788 1359 2811 5.
1392 2788 1440 2810 Mc.
1454 2786 1488 2810 ad
1501 2787 1645 2810 necionem.

1335 2823 1359 2846 6.
1393 2823 1511 2846 Fortasse
1523 2821 1656 2855 legendum
1669 2822 1804 2850 Curtraco,
1822 2821 1868 2844 aed
1881 2820 1922 2844 lu'c
1932 2823 1956 2844 el
1973 2821 2052 2852 infra,
2071 2829 2094 2852 p.
2115 2822 2153 2849 147,
2175 2822 2214 2848 ¹45.

1305 2858 1374 2882 clare
1384 2858 1512 2882 Turtraco
1524 2858 1550 2882 in
1564 2867 1610 2881 ma.
1623 2857 1751 2881 scribitur.

1338 2895 1358 2917 7.
1395 2894 1413 2917 1.
1430 2902 1452 2917 e.
1466 2893 1499 2917 ad
1513 2894 1538 2917 S.
1554 2893 1724 2918 Genovel'am.
