2632 3464
403 446 454 470 779

399 523 546 551 brabatur
561 521 714 556 Parisius,
731 521 802 550 talis
823 520 989 549 haberetur
1014 519 1173 549 conclusio
1195 529 1229 548 ac
1251 519 1310 548 tale

399 571 543 606 medium,
563 581 624 610 qua
644 571 694 600 vel
718 580 780 609 quo
806 569 960 599 mediante
984 569 1067 598 istud
1090 568 1311 608 nephandissi-

400 631 480 649 mum
497 627 526 649 et
539 630 601 649 non
615 620 690 649 satis
704 619 877 648 deflendum
889 618 1012 652 scisma,
1031 619 1113 657 quod
1131 617 1238 656 (pr-och
1254 618 1311 646 do-

399 669 455 708 lor)
472 669 589 698 nostris
603 669 797 708 temporibus
815 669 847 696 in
867 667 998 697 ecclesia
1016 674 1121 696 sancta
1141 666 1199 695 Dei
1214 667 1309 705 viget,

397 719 500 758 possit
520 718 623 747 cedari
643 728 677 746 ac
699 717 848 756 extirpari
870 727 903 745 ac
926 716 1074 745 radicitus
1098 715 1198 749 evelli,
1217 725 1312 754 super

399 769 519 797 duobus
533 767 682 796 articulis.

438 817 562 846 Primus
587 822 652 845 erat
677 826 734 855 pro
757 815 960 854 expedicione
982 813 1142 853 cujusdam
1164 812 1310 842 bacelarii

398 866 581 895 licenciandi
615 866 646 894 in
680 865 818 894 examine
847 864 958 893 Sancte
988 863 1160 897 Genovefe,
1194 862 1312 891 scilicet

398 915 515 943 domini
533 915 683 944 Johannis
705 914 840 948 Pender,
861 914 912 952 qui
931 913 1099 941 secundum
1115 913 1199 951 quod
1218 911 1312 940 michi

398 964 503 993 retulit
525 974 586 992 non
612 964 718 992 habuit
733 963 905 991 facultatem
926 961 1067 991 solvendi
1090 962 1213 995 bursas,
1233 970 1312 999 pau-

397 1020 516 1052 pertate
543 1019 686 1052 gravatus
716 1024 722 1040 ι
752 1012 822 1040 ideo
849 1011 922 1050 quia
948 1011 1050 1049 ipsum
1078 1010 1224 1049 expedire
1249 1019 1311 1037 non

398 1062 483 1101 potui
511 1062 578 1090 sine
603 1071 759 1090 concensu
781 1059 921 1089 nacionis
949 1066 979 1088 et
1003 1060 1120 1098 absque
1148 1059 1204 1087 hoc
1229 1058 1311 1097 quod

392 1111 512 1151 juraret
528 1111 558 1139 in
577 1111 706 1139 nacione
723 1116 835 1139 statuta
849 1109 1054 1148 paupertatis,
1072 1108 1162 1137 istam
1177 1117 1312 1146 congre-

397 1161 557 1199 gacionem
571 1160 638 1188 feci.
659 1160 705 1188 2¹¹³
723 1159 871 1187 articulus
888 1158 943 1187 suit
959 1167 1054 1196 super
1073 1156 1312 1196 supplicacioni-

397 1211 454 1238 bus
473 1215 502 1238 et
518 1208 650 1247 injuriis.
670 1209 710 1237 Et
725 1208 840 1236 ibidem
861 1207 1047 1246 supplicavit
1063 1207 1198 1245 prefatus
1216 1205 1312 1234 domi-

396 1269 454 1287 nus
479 1258 647 1292 Johannes,
667 1263 818 1296 quatenus
839 1267 875 1285 ex
894 1267 955 1295 quo
974 1266 1093 1295 pauper
1114 1261 1207 1289 esset,
1227 1255 1311 1293 quod

395 1307 608 1336 admitteretur
620 1307 658 1336 ad
668 1305 834 1346 jurandum
849 1311 960 1334 statuta
972 1304 1174 1344 paupertatis.
1187 1304 1224 1332 Et
1236 1314 1311 1342 quo—

396 1358 433 1385 ad
449 1358 555 1385 ambos
574 1356 720 1385 articulos
737 1355 852 1395 placuit
869 1355 991 1383 nacioni
1005 1355 1088 1393 quod
1099 1353 1219 1393 juraret
1227 1352 1311 1392 jura-

396 1413 496 1434 menta
514 1405 656 1434 ordinata
680 1415 738 1444 pro
758 1404 882 1433 talibus.
904 1404 943 1433 Et
970 1404 1011 1432 ita
1030 1403 1146 1442 juravit
1170 1403 1202 1431 in
1220 1402 1311 1442 plena

396 1465 537 1485 naelone.

805 1507 903 1536 1398

398 1578 505 1615 [Acta
536 1576 572 1605 in
601 1574 867 1615 procuratoria
893 1574 1038 1603 Galteri
1068 1572 1307 1610 Forestarii.]

437 1653 508 1691 (Fal.
523 1654 557 1681 41
575 1652 597 1692 b)
616 1652 707 1680 Facta
724 1649 971 1690 congregacione
982 1649 1123 1678 nacionis
1138 1649 1309 1688 Anglicane

395 1703 477 1741 apud
494 1702 637 1730 Sanctum
655 1700 854 1734 Maturinum,
869 1699 918 1727 die
936 1699 1007 1727 lune
1021 1699 1054 1727 3ο
1067 1699 1162 1732 Junii‚
1178 1708 1273 1737 super
1290 1698 1308 1727 3

395 1751 544 1780 articulis.
572 1750 696 1778 Primus
721 1755 786 1778 erat
810 1750 847 1777 ad
871 1748 1045 1787 eligendum
1075 1754 1307 1786 procuratorem

396 1811 508 1829 novum
521 1799 569 1829 vel
586 1799 827 1828 continuandum
845 1797 1015 1836 antiquum.
1034 1797 1135 1836 Super
1152 1807 1214 1835 quo
1232 1797 1308 1825 arti-

395 1850 463 1878 culo
492 1849 607 1877 electus
634 1848 689 1876 fuit
713 1847 910 1876 concorditer
933 1846 1054 1874 nemine
1078 1845 1306 1874 contradicente

395 1899 543 1937 magister
563 1898 707 1926 Galterus
727 1895 895 1925 Forestarii
916 1895 1038 1924 Scotus.

437 1948 598 1976 Secundus
624 1946 771 1987 articulus
797 1946 853 1974 fuit
874 1954 969 1983 super
994 1945 1072 1973 sacto
1098 1944 1251 1973 scolarum
1279 1950 1309 1973 et

395 1997 490 2026 nichil
508 1997 563 2025 suit
580 1995 781 2024 determinate
798 2001 907 2023 actum.
926 1996 972 2023 3¹¹⁸
988 2003 1083 2032 super
1102 1993 1307 2032 supplicacio-

395 2047 498 2080 nibus,
517 2052 546 2074 et
561 2045 655 2073 nichil
672 2045 766 2073 eciam
785 2044 850 2073 suit.

434 2096 466 2124 4²
488 2095 583 2124 Junii.
607 2094 726 2123 Juravit
750 2093 842 2122 michi
870 2093 1013 2122 dominus
1037 2091 1243 2120 Ghisebertus
1269 2092 1307 2120 de

396 2145 476 2178 Delfi
497 2144 707 2173 licenciandus
720 2143 752 2171 in
770 2142 906 2171 crastino
921 2143 978 2170 sub
992 2141 1140 2180 magistro
1159 2140 1308 2170 Nicholao

396 2194 560 2227 Gameren,
578 2192 664 2231 cujus
681 2193 775 2220 bursa
788 2191 828 2220 Vl
846 2191 949 2225 solidi,
972 2190 1031 2219 llll
1050 2190 1180 2218 denarii.

436 2243 554 2281 lncepit
569 2242 711 2270 dominus
728 2240 933 2269 Ghisel)ertus
949 2240 986 2268 de
1004 2239 1077 2268 Detf
1088 2240 1145 2268 sub
1160 2239 1308 2278 magistro

394 2292 543 2321 Nicholao
563 2291 726 2324 Gameren,
745 2288 832 2328 cujus
847 2290 943 2318 bursa
958 2288 998 2318 VI
1016 2288 1119 2322 solidi,
1141 2288 1200 2317 1111
1217 2289 1308 2316 dena-

394 2341 444 2370 rii.

436 2392 484 2419 102
517 2389 611 2418 Junii.
645 2388 764 2417 Juravit
793 2387 885 2416 michi
917 2387 1060 2415 dominus
1099 2386 1241 2415 Andreas
1271 2387 1308 2415 de

397 2440 508 2468 Sancto
530 2439 635 2467 Monte
658 2437 868 2466 licenciandus
891 2437 922 2464 in
942 2436 1059 2464 artibus
1081 2436 1138 2464 sub
1160 2435 1308 2474 magistro

394 2489 533 2517 Johanne
548 2487 718 2521 Bouberth,
734 2485 821 2525 cujus
838 2486 933 2514 bursa
946 2485 1001 2513 XX
1015 2484 1144 2513 denarii.

438 2540 474 2566 15
492 2537 587 2566 Junii.
605 2536 725 2565 Juravit
746 2535 838 2564 michi
859 2534 1003 2563 dominus
1028 2533 1140 2562 Petrus
1166 2532 1306 2562 Nicholai

396 2626 528 2657 opiniones
548 2624 629 2648 solum
649 2624 687 2656 (n0
705 2623 760 2655 160)
776 2623 884 2647 Gautier
908 2622 1053 2649 Foresticr,
1074 2621 1181 2644 maistre
1201 2628 1231 2643 en
1252 2628 1304 2648 ars,

395 2662 529 2685 bachelicr
548 2670 577 2684 en
596 2661 692 2688 decret,
714 2663 739 2683 ct
758 2666 904 2690 procureur
925 2658 955 2681 de
974 2659 999 2681 la
1017 2657 1109 2680 nacion
1126 2657 1306 2687 d’Angletcrre

395 2697 452 2728 (pro
472 2698 482 2720 1
500 2697 581 2727 Iulii),
598 2698 622 2719 et
641 2697 678 2725 (n0
696 2695 749 2727 155)
768 2695 850 2719 Gillez
869 2694 901 2717 de
918 2694 1029 2721 Juttnes,
1048 2693 1156 2716 maistre
1171 2700 1198 2714 es
1219 2699 1262 2714 ars
1282 2695 1307 2715 et

395 2733 538 2756 bachellicr
553 2734 634 2755 forme
650 2740 680 2754 en
694 2730 835 2761 theologie,
852 2730 869 2753 i.
888 2738 909 2752 e.
925 2728 1105 2760 procuratoris
1119 2730 1142 2750 et
1162 2727 1305 2758 receptoris

394 2769 521 2796 nationi35
538 2769 610 2799 prior
622 2767 784 2790 obedientiae
802 2765 936 2789 Benedicti
952 2765 1010 2795 suit,
1026 2763 1153 2795 posterior
1164 2762 1305 2794 Bonifacii.

394 2805 464 2828 Sicut
482 2813 524 2827 an.
540 2805 600 2827 1396
615 2803 640 2826 in
655 2803 769 2826 secundo
783 2801 898 2825 Concilio
911 2801 962 2824 duo
979 2802 1033 2823 nat.
1051 2799 1126 2831 Angl.
1143 2798 1306 2821 obedientiae

394 2839 535 2866 Benedicti,
557 2839 643 2861 etalii
660 2839 711 2861 (luo
730 2837 864 2868 Bonisacii
881 2837 993 2868 fuerunt.
1012 2835 1143 2858 Forestier
1163 2837 1186 2857 et
1203 2834 1305 2857 Jutsaes

394 2875 556 2906 scripserunt,
573 2884 583 2897 «
596 2883 644 2905 quc
657 2874 708 2897 l'on
720 2874 775 2896 doit
790 2876 860 2896 oster
875 2875 890 2895 a
904 2880 974 2903 pape
989 2874 1060 2894 toute
1075 2870 1229 2893 obeissance
1243 2877 1304 2892 sans

394 2911 466 2934 nullo
477 2911 589 2933 dilacion
602 2919 635 2932 ou
647 2909 777 2932 monicion
789 2919 801 2929 ι»
815 2908 899 2937 (Art-li.
911 2910 965 2930 nat.
981 2907 997 2930 l.
1012 2907 1054 2937 c.).

426 2947 448 2970 1.
482 2948 509 2969 In
521 2946 635 2976 margine
644 2945 806 2976 superioriG.
823 2943 975 2967 Forcstnrii.

426 2983 448 3005 2.
482 2981 585 3004 Junii11
597 2981 751 3004 Universitas
761 2979 843 3003 Pari-9.
851 2978 974 3001 conclusit
982 2975 1145 3009 etpropmuit
1154 2978 1180 2999 ut
1187 2975 1305 2998 obedien-

947 442 1171 469 AUCTARIUM
1196 441 1457 468 CHARTULARH
1477 442 1651 468 UNIVERS.
1672 441 1791 468 PARIS.

1345 739 1348 743 ,
1367 717 1383 742 5

1350 962 1383 987 10

1350 1207 1383 1233 15

1349 1455 1382 1480 20

1347 1701 1380 1726 25

1345 1948 1379 1973 30

1346 2194 1379 2219 35

1346 2439 1379 2464 40

2281 441 2336 468 780

1421 519 1458 547 de
1482 518 1577 547 Dacia
1598 518 1809 547 licenciandus
1835 519 1892 547 sub
1913 518 2062 557 magistro
2082 518 2222 548 Johanne
2247 518 2333 549 Bou-

1420 569 1502 602 bort,
1517 566 1604 607 cujus
1621 569 1716 596 bursa
1730 567 1770 596 Vl
1787 567 1892 596 solidi.

1462 618 1497 647 17
1515 617 1611 646 Junii.
1629 617 1749 646 Juravit
1764 616 1857 645 michi
1878 617 1916 645 ad
1932 616 2142 655 incipiendum
2162 617 2194 645 in
2214 617 2333 646 artibus

1421 666 1565 695 dominus
1579 666 1692 695 Petrus
1711 665 1851 695 Nicholai
1868 665 2060 699 licenciatus,
2075 665 2256 705 incepturus
2274 667 2336 695 sub

1421 715 1570 754 magistro
1589 714 1728 744 Johanne
1749 715 1923 749 Bouborth‚
1946 713 2033 753 cujus
2055 715 2150 744 bursa
2167 714 2208 743 Vl
2227 715 2331 745 solidi,

1462 763 1534 803 (Fol.
1553 763 1599 803 42)
1613 762 1621 781 ⁴
1640 764 1677 793 18
1692 763 1786 792 Junii.
1798 763 1917 792 Juravit
1927 763 2019 792 michi
2030 764 2227 803 procuratori
2237 764 2335 793 domi-

1421 823 1480 842 nus
1503 813 1652 842 Albertus
1681 813 1798 842 Thome
1825 813 2035 842 licenciandus
2067 813 2098 841 in
2128 813 2246 842 artibus
2275 814 2336 843 sub

1421 862 1571 901 magistro
1585 861 1722 891 Henrico
1737 861 1829 895 Witt.
1847 861 1934 901 cujus
1950 863 2046 891 bursa
2063 862 2091 891 11
2108 862 2210 891 solidi.

1463 911 1499 939 19
1515 911 1564 939 die
1584 911 1679 940 Junii.
1701 911 1820 950 lncepit
1837 911 1980 940 dominus
2001 910 2144 940 Andreas
2163 912 2202 941 de
2221 911 2337 941 Sancto

1422 959 1527 988 Monte
1548 960 1579 988 in
1603 960 1750 994 crastino,
1773 960 1845 999 quia
1865 966 1936 989 tunc
1957 959 2084 1000 juravit,
2105 961 2162 989 sub
2185 960 2338 1000 magistro

1421 1008 1560 1037 Johanne
1575 1009 1747 1043 Bouborth‚
1761 1008 1847 1048 cujus
1863 1010 1957 1038 bursa
1972 1010 2027 1038 XX
2041 1009 2171 1038 denarii.

1461 1058 1500 1086 26
1523 1057 1618 1086 Junii.
1642 1058 1762 1087 Juravit
1787 1058 1880 1087 michi
1899 1058 2079 1088 Willelmus
2105 1059 2142 1088 de
2171 1059 2334 1098 Egmunda

1421 1116 1479 1145 pro
1502 1106 1630 1136 licencia
1654 1107 1686 1135 in
1711 1107 1829 1136 artibus
1857 1108 1914 1136 sub
1941 1107 2090 1147 magistro
2119 1108 2269 1137 Nicholao
2296 1109 2338 1138 de

1422 1155 1636 1190 Monekedam,
1655 1154 1742 1195 cujus
1762 1157 1857 1185 bursa
1872 1156 1900 1185 II
1917 1156 2019 1187 solidi.

1462 1205 1498 1234 27
1519 1205 1614 1234 Junii.
1633 1205 1754 1234 Juravit
1772 1205 1863 1234 michi
1882 1205 2025 1235 dominus
2041 1205 2190 1235 Albertus
2207 1206 2332 1242 Thome‚

1421 1253 1602 1283 licenciatus
1624 1254 1656 1282 in
1672 1254 1803 1289 artibus,
1824 1254 2005 1293 incepturus
2021 1256 2079 1284 sub
2097 1265 2178 1295 mag.
2198 1255 2339 1285 Henrio'o·

1420 1303 1512 1338 Witt,
1531 1302 1618 1343 cujus
1637 1304 1733 1332 bursa
1750 1303 1777 1332 ΙΙ
1795 1303 1854 1332 sol.

1462 1353 1554 1381 Facta
1586 1353 1642 1381 fuit
1670 1352 1879 1391 congregacio
1906 1352 2047 1382 nacionis
2075 1353 2158 1392 apud
2189 1353 2335 1383 Sanctum

1421 1402 1619 1436 Maturinum‚
1638 1401 1784 1431 XXVIIIa
1801 1401 1850 1431 die
1866 1401 1951 1436 Julii,
1970 1411 2065 1441 super
2080 1403 2201 1431 duobus
2219 1402 2338 1433 articu-

1408 1451 1468 1482 ‚lis.
1488 1451 1612 1480 Primus
1626 1451 1681 1480 fuit
1696 1451 1734 1479 ad
1748 1450 1934 1480 audiendum
1953 1457 2128 1490 compotum
2144 1452 2335 1491 receptoris;

1421 1501 1575 1529 secundus
1605 1500 1661 1529 suit
1693 1510 1788 1539 super
1819 1500 2104 1539 supplicacionibus
2137 1507 2168 1530 et
2198 1500 2331 1540 injuriis.

1421 1549 1522 1589 Super
1542 1549 1644 1588 primo
1660 1549 1781 1578 auditus
1797 1549 1854 1578 fuit
1869 1555 2032 1588 compotus
2052 1549 2083 1578 in
2104 1549 2268 1588 presencia
2283 1556 2333 1579 to-

1420 1599 1486 1628 cius
1505 1598 1646 1627 nacionis
1667 1598 1792 1633 ibidem,
1810 1604 1840 1627 et
1858 1598 1985 1637 placuit,
2008 1604 2038 1627 et
2056 1598 2258 1638 consignatus
2277 1599 2334 1628 fuit

1419 1654 1580 1687 compotus
1598 1657 1655 1687 per
1674 1653 1908 1686 procuratorem
1929 1657 1998 1675 cum
2024 1647 2259 1687 subscripcione
2277 1658 2332 1678 sua

1418 1697 1550 1726 manuali
1569 1697 1600 1725 in
1620 1697 1700 1725 libro
1721 1696 1905 1735 receptoris.
1924 1696 2026 1735 Super
2047 1697 2183 1726 secundo
2202 1697 2332 1727 articulo

1418 1746 1606 1786 supplicavit
1620 1745 1856 1774 archidiaconus
1873 1745 2046 1780 Scarensis‚
2062 1751 2095 1774 ut
2109 1745 2168 1774 sibi
2183 1746 2337 1775 darentur

1417 1795 1548 1835 pecunie
1566 1794 1678 1834 locagii
1692 1795 1801 1824 domus
1818 1794 1927 1824 Svecie
1943 1794 1974 1823 in
1988 1794 2058 1823 vico
2074 1795 2225 1824 Brunelli.
2242 1794 2331 1824 Deli-

1417 1845 1537 1874 beravit
1552 1844 1651 1879 nacio,
1671 1845 1755 1883 quod
1777 1844 1848 1883 quia
1863 1844 2006 1883 graciose
2024 1843 2241 1873 admittebatur
2263 1843 2331 1873 dic-

1417 1901 1466 1923 tus
1484 1893 1719 1923 archidiaconus
1733 1893 1771 1922 ad
1785 1892 2015 1922 inhabitandum
2032 1893 2155 1922 domum
2172 1893 2254 1922 illam
2274 1893 2331 1922 sub

1418 1943 1653 1972 condicionibus
1671 1942 1761 1971 tactis
1785 1942 1817 1970 in
1836 1941 2051 1980 procuratoria
2070 1941 2211 1981 magistri
2233 1941 2334 1972 Fran-—

1417 1993 1516 2026 conis,
1532 1992 1630 2021 noluit
1646 1991 1706 2020 sibi
1725 1992 1797 2020 dare
1813 1990 1932 2030 aliquas
1950 1990 2110 2030 pecunias,
2129 1991 2183 2020 sed
2199 1991 2330 2021 videba-

1417 2049 1467 2071 tur
1483 2040 1606 2070 nacioni
1622 2051 1659 2070 ex
1675 2051 1710 2069 eo
1727 2041 1810 2079 quod
1825 2040 2029 2079 pretendebat
2044 2049 2077 2069 se
2095 2039 2210 2069 habere
2223 2039 2276 2080 jus
2291 2041 2330 2069 ad

1417 2091 1654 2130 proprietatem,
1685 2096 1819 2128 exponat
1849 2090 1887 2118 de
1919 2099 1975 2118 suo
2009 2089 2040 2117 in
2073 2089 2329 2128 reparacionibus

1418 2139 1616 2174 necessariis,
1635 2145 1665 2167 et
1681 2149 1749 2168 cum
1769 2138 1909 2167 docuerit
1927 2137 2114 2167 sufficienter
2129 2138 2167 2167 de
2182 2138 2331 2177 proprie-

1418 2196 1489 2224 tate,
1502 2189 1590 2218 nacio
1605 2188 1665 2217 sibi
1679 2187 1802 2227 plenius
1813 2187 2026 2226 respondebit.

1459 2238 1548 2267 Facta
1563 2237 1810 2277 congregacione
1823 2236 1963 2265 nacionis
1976 2237 2058 2275 apud
2075 2235 2219 2264 Sanctum
2233 2235 2335 2265 Mam--

1418 2288 1530 2321 rinum,
1549 2286 1620 2315 Vlla
1637 2286 1686 2315 die
1703 2285 1849 2324 Augusti,
1870 2295 1965 2324 super
1983 2285 2011 2313 11
2034 2284 2184 2313 articulis.
2205 2285 2329 2314 Primus

1418 2343 1483 2365 erat
1498 2337 1536 2364 ad
1549 2336 1727 2365 avisandum
1737 2335 1871 2369 modum,
1884 2334 1968 2373 quod
1978 2333 2136 2373 magistris
2149 2335 2187 2362 de
2200 2334 2334 2363 nacione

1417 2385 1632 2425 providebitur
1656 2385 1694 2413 de
1717 2383 1831 2423 graciis
1850 2393 1906 2422 per
1925 2383 2067 2411 dominos
2088 2382 2254 2421 episcopos
2281 2383 2334 2411 di-

1418 2434 1620 2468 stribuendis,
1649 2440 1679 2462 et
1704 2434 1742 2462 ad
1771 2432 1942 2461 faciendum
1967 2431 2101 2460 rotulum
2125 2432 2151 2460 si
2171 2431 2334 2461 videretur

1418 2483 1617 2518 conveniens,
1630 2488 1659 2511 et
1672 2492 1730 2522 per
1740 2491 1830 2521 quem
1840 2481 1962 2510 modum
1973 2481 2060 2509 fieret
2070 2479 2092 2508 ².
2108 2480 2153 2508 2¹¹⁸
2165 2481 2219 2509 fuit
2233 2491 2334 2520 super

1418 2531 1714 2571 supplicacionibus.

1416 2618 1453 2641 tia
1463 2616 1600 2640 Benedicta
1610 2617 1672 2639 XIII
1684 2614 1886 2638 subtraheretur.
1901 2613 2034 2645 Originai'e
2051 2613 2141 2636 ltarum
2154 2622 2166 2637 «
2177 2613 2329 2637 litterarum

1417 2652 1604 2677 subtractionis
1618 2660 1629 2674 »
1643 2653 1727 2674 exstat
1740 2650 1765 2673 in
1778 2649 1855 2674 Areh.
1869 2652 1923 2673 nat.
1936 2649 2029 2676 Par-is..
2043 2649 2067 2672 J.
2081 2650 2135 2677 515,
2151 2654 2180 2672 n⁰
2192 2650 2230 2677 14,
2245 2649 2327 2672 muni-

1416 2691 1468 2711 tum
1487 2689 1501 2711 8
1520 2687 1625 2720 sigillis,
1647 2686 1702 2710 scit.
1722 2685 1850 2709 communi
1870 2684 2059 2711 [laium-sitatis,
2079 2693 2230 2716 unoquoque
2247 2684 2326 2708 trium:

1414 2724 1569 2756 facultatum
1579 2726 1602 2746 ct
1613 2724 1724 2754 quatuor
1735 2721 1869 2745 nationum
1883 2720 1945 2752 (uid.
1960 2720 2037 2743 etiam
2050 2721 2190 2750 ΒυιΔΕυΜ,
2206 2720 2248 2750 lv,
2260 2721 2324 2750 845).

1415 2759 1478 2783 Julii
1488 2761 1517 2782 28
1532 2767 1577 2782 rex
1589 2758 1715 2782 Franciae
1725 2756 1922 2780 subtractionem
1933 2755 2102 2784 obedientiae,
2114 2757 2180 2787 Aug.
2198 2757 2212 2778 8
2222 2755 2331 2787 gratias-

1413 2804 1460 2827 per
1479 2794 1644 2818 Benedictum
1669 2801 1801 2816 concessas
1821 2791 1918 2815 nullum
1939 2791 2056 2823 effectum
2079 2791 2167 2815 sortiri
2182 2791 2325 2823 publicavit

1416 2831 1490 2862 (Bu-1„
1505 2839 1531 2861 p.
1544 2831 1603 2859 853‚·
1621 2828 1761 2856 Munium,
1776 2827 1853 2851 Thes.
1870 2835 1929 2851 nov.
1946 2827 1979 2853 11.
1996 2827 2074 2858 1153).
2095 2828 2157 2850 Cum
2173 2826 2327 2850 Benedictus

1415 2866 1552 2889 collatione
1580 2865 1657 2888 etiam
1685 2863 1865 2894 beneficiorum
1886 2862 2005 2894 privatus
2033 2864 2111 2892 esset,
2137 2865 2260 2886 statutum
2279 2864 2325 2890 eat,

1416 2901 1539 2932 beneficia
1557 2900 1730 2924 ecclesiastica
1741 2907 1787 2930 per
1802 2907 1843 2922 eos
1859 2897 1971 2930 conferri
1985 2897 2084 2926 debere,
2094 2898 2131 2921 ad
2145 2906 2209 2929 quos
2221 2897 2331 2921 collatio

1415 2940 1517 2969 spectet.
1530 2936 1607 2960 Natio
1620 2935 1765 2968 Anglicana
1780 2934 1888 2965 proinde
1902 2933 2062 2962 deliberavit,
2075 2936 2103 2956 ut
2115 2933 2185 2956 aliae
2197 2933 2323 2957 nationes.

1415 2973 1525 2996 rotulum
1538 2972 1573 2994 ati
1591 2971 1720 3003 episcopos
1737 2971 1853 3001 aliosque
1868 2978 1915 3000 pro
1930 2969 2060 3000 beneficiis
2077 2969 2244 3000 impetrandis
2257 2968 2325 2992 (11νὶ-
