2632 3464
917 414 1189 443 MEMORAerA
1202 416 1562 443 vNAT.1A1⁸1(=*.Llc1¹,1x*.12.13
2159 428 2203 445 uu

282 493 399 530 Sed
422 500 674 530 transeamus
687 491 749 528 ad
756 498 947 528 nostram
957 497 1134 527 aetatem.
1166 493 1210 527 In
1222 492 1331 540 ipso
1340 492 1508 527 nationis
1528 493 1615 527 sinu
1632 492 1775 528 accidit
1797 500 1837 529 ut
1860 494 1970 541 cujus
1985 495 2204 542 provinciae

273 569 376 599 esset
387 563 640 625 suppositum
665 561 893 621 litigaretur.
912 561 982 596 An.
1014 561 1107 596 1356
1129 561 1381 610 congregatio
1405 560 1505 596 facta
1527 568 1588 597 est
1617 575 1634 596 «
1659 561 1707 597 ad
1732 561 2037 598 descindendum
2057 562 2205 598 discoi-

271 622 389 668 diam
403 633 504 668 inter
535 618 722 676 Rinens'es
755 637 794 666 et
825 629 998 666 Saxones
1019 639 1146 679 super
1178 622 1428 666 diStinctione
1457 631 1742 678 provinciarum
1770 630 1992 667 eorumdem
2021 639 2135 681 atquc
2159 632 2205 667 ad

273 699 485 737 sedandum
505 699 653 750 brigam
674 700 775 735 inter
797 698 922 735 dictas
941 699 1159 748 provincias
1175 711 1292 748 super
1307 698 1380 735 hoc
1398 705 1522 734 ortam
1540 712 1557 733 >³
1577 699 1675 745 (198,
1693 699 1772 746 42);
1800 706 1892 735 tunc
1913 701 2019 736 natio
2037 699 2207 738 dec1evit

269 781 404 806 omnes
424 770 520 805 citra
541 770 680 804 Ruram
701 768 748 804 ad
769 767 893 805 dioec.
917 767 1201 813 Coloniensem,
1220 780 1355 804 omnes
1376 767 1478 809 ultra
1498 770 1638 805 Buram
1659 767 1708 804 ad
1721 770 1894 805 Saxones
1911 770 2118 818 pertinere.

319 840 383 881 At,
402 839 434 874 si
450 839 670 887 provinciae
685 839 897 881 nationum,
916 839 1032 873 immo
1049 838 1224 873 nationes
1240 838 1348 886 ipsae
1365 838 1566 887 supposita
1584 836 1631 873 ad
1647 849 1690 874 se
1705 837 1964 874 attrahebant.
1983 840 2078 875 Nam
2096 854 2114 874 «
2129 852 2206 888 quo

273 907 404 956 plures
427 906 623 943 habebant
643 908 848 955 magistros
869 914 906 943 et
930 906 1115 955 bejaunos
1136 919 1202 942 seu
1228 919 1348 942 novos
1365 906 1634 949 scholasticos,
1657 919 1704 943 eo
1724 906 1885 944 ditiores
1908 915 2030 950 erant,
2057 909 2145 957 quia
2162 921 2207 943 ex

270 971 465 1013 taxatione
481 962 682 1012 bursarum
697 975 1050 1019 determinantium‚
1069 975 1388 1012 licentiandorum
1412 983 1451 1012 et
1468 975 1735 1026 incipientium
1750 976 2018 1026 percipiebant
2034 978 2207 1012 nonnihil

267 1028 552 1095 pecuniarum¹
569 1059 602 1081 1).

321 1115 415 1151 Cum
434 1114 630 1151 Picardica
653 1115 809 1152 natione
828 1114 876 1151 lis
894 1114 1031 1151 acerba
1050 1122 1208 1164 propter
1227 1114 1299 1151 hoc
1315 1127 1377 1151 an.⁴
1399 1115 1506 1158 1356,
1525 1127 1658 1152 mense
1673 1116 1788 1157 Maio,
1811 1116 1956 1165 incepit
1974 1115 2022 1151 de
2043 1116 2208 1165 quodam

272 1183 665 1227 baccalario,.=Monte
686 1186 724 1221 S.
748 1184 946 1222 Gertrudis
969 1184 1147 1227 oriundo,
1176 1184 1368 1221 dioecesis
1396 1183 1637 1227 Leodiensis,
1660 1183 1766 1220 dicto
1786 1183 1962 1221 Johanne
1983 1187 2083 1222 Mast
2095 1186 2122 1226 ⁴2,
2145 1187 2207 1234 qui

272 1254 311 1288 in
330 1260 447 1302 gente
462 1253 675 1302 Anglicana
688 1253 1010 1291 determinaverat
1028 1255 1125 1300 (197,
1146 1255 1218 1301 33),
1244 1252 1385 1290 deinde
1408 1253 1447 1288 in
1469 1254 1626 1289 natione
1649 1253 1847 1289 Picardica
1868 1255 2039 1304 incipere
2056 1254 2211 1292 volebat

272 1323 370 1369 (206,
396 1323 465 1370 11).
490 1325 597 1360 Tunc
622 1323 748 1360 dictus
771 1324 1009 1361 baccalarius
1032 1339 1049 1360 α
1071 1327 1199 1375 jurare
1223 1325 1359 1362 debuit
1375 1325 1528 1374 utrique
1544 1326 1690 1361 nationi
1712 1324 1978 1362 indifferenter
1995 1326 2211 1374 juramenta

273 1391 400 1437 solita,
423 1392 527 1442 quod
548 1393 595 1429 ad
616 1407 886 1443 quamcunque
909 1388 1104 1431 nationem
1125 1395 1320 1445 judicatus
1348 1403 1466 1439 esset,
1496 1395 1600 1446 quod
1627 1395 1700 1432 sibi
1727 1396 2049 1434 indissolubiliter
2071 1398 2212 1436 adhae-

272 1469 375 1526 reret
405 1476 422 1497 »
449 1463 544 1512 (207,
567 1464 615 1510 5)
648 1464 716 1499 Hic
735 1463 972 1518 baccalarius
998 1477 1129 1501 ansam
1150 1465 1258 1502 dedit
1273 1466 1426 1514 utrique
1447 1467 1593 1502 nationi
1613 1465 1766 1516 litigare
1787 1466 1835 1502 de
1859 1466 2001 1502 finibus
2029 1469 2209 1509 nationis,

275 1518 339 1581 qui
373 1531 574 1590 hucusque
601 1531 777 1567 minime
792 1532 887 1568 certi
920 1540 1041 1568 erant.
1078 1534 1339 1570 positionibus
1367 1534 1456 1571 hinc
1490 1535 1580 1572 inde
1609 1534 1836 1575 adstructis,
1867 1536 2002 1572 ambae
2036 1539 2212 1574 nationes

273 1613 334 1635 an
358 1598 463 1642 1358,
492 1598 580 1635 Julii
608 1599 666 1643 12,
686 1599 881 1650 quoddam
906 1615 922 1635 «
946 1609 1314 1652 appunctamentum
1339 1617 1356 1638 »
1380 1604 1674 1654 spoponderunt
1694 1618 1770 1654 quo
1797 1604 1893 1642 fines
1916 1605 2053 1642 melius
2074 1620 2212 1642 nosce-

273 1660 405 1720 rentur
419 1666 517 1715 (233,
536 1668 606 1715 10).
630 1668 751 1705 Fluvii
768 1670 875 1706 Mosa
895 1678 934 1706 et
947 1670 1107 1707 Mosella
1128 1671 1260 1708 ambas
1276 1674 1453 1709 nationes
1469 1673 1641 1710 dividere
1658 1673 1889 1710 debuerunt.

280 1728 282 1732 μ
324 1721 424 1781 Alia,
440 1751 658 1787 quanquam
675 1740 813 1781 minor,
833 1739 1041 1776 difficultas
1058 1740 1230 1790 ejusdem
1246 1743 1400 1791 generis
1420 1742 1540 1778 fuisse
1559 1741 1711 1779 videtur
1727 1756 1788 1779 an.
1807 1743 1900 1779 1369
1915 1744 2014 1791 (345,
2034 1744 2106 1792 16),
2125 1757 2211 1780 cum

265 1800 379 1843 'natio
398 1800 611 1857 Anglicana
641 1808 679 1843 in
709 1810 1012 1859 congregatione
1033 1809 1228 1848 ordinaret
1248 1824 1297 1848 ne
1322 1811 1518 1848 scholares
1537 1812 1595 1848 sui
1617 1813 1808 1861 incepturi
1832 1826 1902 1862 pro
1915 1813 2047 1861 placet
2069 1815 2212 1849 exami-

273 1862 469 1919 narentur,
487 1875 643 1929 scilicet
663 1878 773 1926 cujus
796 1878 963 1914 nationis
986 1887 1130 1922 essent,
1154 1893 1240 1916 cum
1261 1894 1339 1930 quo
1360 1882 1546 1930 magistro
1568 1888 1728 1924 starent,
1759 1881 1913 1931 quando
1933 1882 2075 1919 fuerint
2097 1882 2212 1919 licen-

274 1933 430 1996 tiati,ut
444 1944 512 1981 tali
528 1944 808 1983 deliberatione
824 1959 891 1983 eos
908 1949 1102 1985 severitati
1121 1949 1321 1998 cujusdam
1338 1951 1512 2000 magistri
1530 1950 1694 1995 Picardi,
1710 1950 1921 1988 Clementis
1938 1953 2105 1995 nomine,
2125 1953 2210 1989 sub-

274 2013 454 2050 traheret.
481 2015 576 2050 Tum
594 2016 716 2051 minas
733 2013 917 2052 adversus
938 2016 1175 2054 Clementem
1191 2018 1462 2063 adhibuerunt,
1486 2033 1534 2056 ne
1557 2021 1758 2070 supposita
1785 2022 1952 2057 nationis
1975 2021 2211 2071 Anglicanae

274 2089 452 2127 vexaret;
471 2084 529 2120 sin
549 2085 690 2129 minus,
714 2099 732 2121 ι(
751 2086 925 2134 magistri
939 2087 1107 2123 nationis
1127 2096 1281 2126 nostrae
1301 2089 1539 2126 baccalarios
1555 2090 1603 2126 de
1625 2091 1780 2126 natione
1797 2103 1865 2126 sua
1879 2098 2027 2127 tantum
2043 2090 2103 2127 vel
2124 2091 2211 2140 plus

262 2136 517 2189 tribularent.
536 2167 554 2188 ))

261 2213 270 2218 ”
323 2222 418 2259 Cum
445 2221 582 2259 iisdem
603 2236 664 2259 an.
688 2223 782 2260 1399
806 2223 1030 2262 dimicatum
1055 2225 1139 2270 fuit,
1163 2239 1289 2278 neque
1315 2227 1551 2278 Anglicanae
1577 2230 1722 2265 nationi
1746 2242 1929 2279 superare
1951 2231 2126 2280 contigit.
2156 2231 2211 2266 De

275 2276 488 2341 suppositis
507 2291 555 2328 ad
573 2280 762 2329 beneficia
781 2291 1010 2331 Brabantiae
1030 2296 1325 2344 praesentandis
1346 2311 1432 2334 cum
1452 2305 1643 2347 ageretur,
1667 2298 1815 2335 Picardi
1837 2300 2026 2348 piomissa
2042 2299 2211 2336 feceiant

273 2373 372 2410 quae
391 2361 604 2411 adimplere
620 2362 874 2412 neglexerunt
887 2364 984 2410 (794,
1001 2365 1074 2412 48).
1091 2367 1197 2402 Tunc
1217 2367 1313 2402 irata
1330 2368 1435 2403 natio
1453 2381 1470 2402 «
1488 2366 1611 2404 voluit
1627 2367 1771 2404 factum
1788 2367 1918 2404 istud
1910 2382 1947 2404 in
1966 2368 2064 2404 libro
2085 2370 2210 2405 natio-

275 2431 335 2478 nis
356 2431 481 2473 notari
503 2438 542 2468 ct
558 2431 695 2475 scribi,
713 2433 803 2482 quia
819 2434 1011 2482 reputavit
1031 2434 1105 2470 sibi
1125 2434 1265 2472 factam
1288 2436 1326 2471 in
1348 2449 1513 2486 persona
1530 2437 1702 2487 magistri
1729 2438 1881 2473 Henrici
1912 2450 2088 2486 magnam
2115 2438 2208 2473 frau-

274 2499 376 2543 dem,
392 2506 437 2536 et
457 2499 716 2537 zelumtalem
733 2501 886 2550 qualem
904 2510 1045 2552 gerunt
1070 2505 1214 2540 nationi
1238 2504 1336 2541 tales
1359 2507 1533 2555 magistri
1561 2506 1710 2542 Picardi
1732 2507 1769 2542 in
1791 2507 1862 2543 hoc
1886 2507 1987 2542 facto
2013 2514 2207 2556 presente,

260 2567 369 2605 *satis
387 2570 652 2619 experimento
670 2569 868 2615 didicisse,
891 2577 930 2608 et
945 2572 1037 2622 quid
1058 2572 1229 2610 facerent
1247 2587 1317 2624 pro
1331 2575 1488 2612 natione
1505 2583 1569 2612 aut
1590 2577 1802 2626 suppositis
1826 2578 1862 2612 in
1889 2575 2042 2612 casibus
2070 2576 2209 2625 quibus

275 2698 402 2728 fere-ibi
417 2698 554 2729 studium
568 2699 700 2730 deficere
714 2701 910 2731 credebatur.
927 2701 1065 2732 insultus
1079 2713 1188 2743 nampe
1298 2715 1368 2734 nem
1379 2727 1386 2740 ,
1401 2705 1500 2735 donec
1519 2712 1631 2745 postea
1645 2716 1704 2745 pax
1726 2706 1806 2735 inter
1823 2716 1878 2735 eos
1897 2707 1972 2735 facta
1989 2706 2054 2735 suit.
2076 2705 2210 2736 Diceba-

276 2746 339 2786 (εἰσ)
364 2747 435 2777 facti
454 2754 533 2778 sunt·
548 2755 579 2778 et
600 2758 792 2789 congressus
813 2750 895 2779 inter
913 2761 979 2786 eos,
999 2751 1190 2791 Anglicique
1299 2760 1349 2783 tur
1369 2761 1469 2784 autem
1490 2755 1673 2794 vulgariter,
1695 2755 1847 2784 Picardos
1866 2755 1943 2783 lianc
1957 2765 2092 2794 pugnam
2110 2756 2210 2794 primo

269 2805 347 2826 scum
374 2796 470 2827 armis
501 2803 532 2827 et
560 2797 681 2828 viribus
713 2805 787 2828 tunc
810 2806 1012 2839 prepotentes
1037 2800 1188 2831 Picardos
1300 2809 1330 2832 et
1345 2803 1542 2843 originaliter
1562 2804 1730 2843 incepisse.
1751 2816 1765 2831 n
1787 2805 1872 2841 Quae
1895 2804 2062 2841 13111..,lll‚
2086 2805 2145 2834 456
2160 2815 2209 2844 sq.

261 2845 480 2884 *fugaverunu
506 2847 611 2877 fractis
630 2857 755 2887 quoque
770 2857 877 2878 eorum
895 2849 1040 2879 domibus
1056 2856 1087 2879 et
1101 2851 1189 2889 ipso·
1299 2859 1416 2890 narrat,
1433 2863 1512 2892 opus
1535 2853 1715 2892 phantasiae
1732 2863 1849 2883 merum
1865 2859 1923 2883 est.

275 2902 344 2923 num
371 2893 529 2934 aliquibus
555 2895 729 2926 interfectis
757 2903 788 2927 st
816 2897 972 2936 >plui-ilius
1002 2899 1187 2935 vulneratis,
1341 2903 1368 2931 1.
1412 2901 1592 2937 Vid.13un‚
1612 2901 1749 2939 lv‚:34‹;.

276 2948 361 2972 extra
383 2943 526 2974 parisius
548 2945 656 2985 sugere
677 2953 847 2986 coegerunt
866 2946 1069 2977 Picardorum
1086 2949 1188 2980 nnio-
1340 2951 1370 2980 2.
1414 2950 1491 2990 Ejus
1505 2952 1599 2980 bursa
1615 2952 1652 2980 ad
1671 2952 1706 2980 12
1722 2950 1781 2982 sol.
1796 2952 1985 2981 ascendebat
2000 2952 2080 2990 (207,
2102 2952 2160 2991 12).

2225 499 2275 525 Lis
2291 500 2325 524 de
2342 499 2447 525 sinibus
2463 504 2491 525 et

2225 545 2259 569 de
2269 544 2490 578 praeeminentia

2230 1124 2365 1150 Simulias
2386 1123 2460 1149 inter

2232 1174 2287 1194 nat.
2304 1168 2414 1202 Anglic.
2432 1174 2459 1194 et

2293 1213 2403 1239 l'icard.
