2632 3464
310 449 367 476 669

313 536 482 567 suspenso,
497 536 660 566 quousque
684 526 810 556 facultas
832 526 1061 556 determinaret.
1087 527 1133 555 4¹¹·
1157 532 1223 555 erat

314 584 412 615 super
428 574 712 614 supplicacionibus
725 580 756 604 et
766 573 900 614 injuriis.
916 574 955 604 Et
971 575 1224 614 supplicaverunt

313 624 455 654 volentes
471 634 581 664 regere
596 624 656 654 isto
673 633 753 653 anno
765 633 824 664 pro
841 623 947 653 scolis.

355 672 447 702 Anno
472 679 505 702 ut
526 683 619 712 supra
641 673 719 702 facta
738 673 985 713 congregacione
1006 672 1146 702 nacionis
1166 683 1224 712 per

308 721 518 762 juramentum
545 722 627 762 apud
650 721 796 751 Sanctum
820 721 1019 757 Matutinum‚
1044 721 1145 751 xxll·
1174 722 1224 751 die

317 770 522 810 Septembris,
539 770 614 800 bora
630 770 799 811 primarum
820 780 916 810 super
929 771 1050 800 duobus
1071 770 1221 800 articulis.

316 820 440 850 Primus
455 825 520 850 erat
534 820 573 849 ad
591 819 797 849 ordinandum
811 820 849 849 de
863 819 1020 859 aliquibus
1034 819 1125 849 libris
1141 829 1223 849 arre-

311 868 403 898 statis
420 878 478 908 per
494 868 653 898 nacionem
669 869 727 898 sub
745 868 894 908 magistro
912 868 1048 898 Henrico
1067 869 1105 898 de
1123 870 1225 898 Aeru-

315 917 410 948 lem⁴.
436 917 476 948 Et
497 917 654 948 ordinavit
678 917 766 947 nacio
791 918 874 957 quod
898 918 1046 957 magister
1069 918 1224 947 Henricus

314 967 487 998 custodiret
510 967 667 1006 predictos
689 966 788 996 libros
810 977 868 1006 pro
894 967 1016 996 duobus
1039 967 1170 1003 francis;
1192 967 1224 996 in

312 1026 399 1052 casu,
418 1026 481 1056 quo
502 1015 554 1045 ille
571 1016 691 1045 veniret
705 1014 792 1054 cujus
809 1022 925 1051 essent,
945 1022 1052 1055 posset
1070 1026 1125 1045 eos
1139 1016 1224 1045 redi-

313 1075 409 1095 mere.
423 1065 464 1095 Et
478 1065 531 1104 qui
546 1064 622 1094 alias
633 1064 745 1094 multos
761 1070 791 1094 et
802 1074 932 1105 magnos
945 1065 1068 1095 labores
1085 1065 1156 1094 fecit
1167 1075 1224 1104 pro

309 1114 458 1150 nacione,
481 1120 515 1144 ut
531 1114 702 1149 constabat,
722 1114 810 1143 nacio
827 1114 983 1143 concessit
1003 1113 1063 1144 sibi
1085 1115 1123 1143 ad
1146 1114 1224 1144 istos

311 1163 394 1194 duos
414 1164 536 1193 francos
553 1162 654 1192 adhuc
670 1172 763 1192 unum
778 1163 927 1198 francum,
944 1169 975 1193 et
992 1163 1038 1192 sic
1058 1163 1164 1193 habuit
1180 1164 1224 1193 3⁶·

313 1213 447 1243 francos.

307 1289 310 1294 ,
354 1262 400 1292 2·-
414 1260 562 1291 articulus
573 1261 629 1291 fuit
641 1270 736 1301 super
748 1260 1032 1301 supplicacionibus
1046 1267 1076 1290 et
1087 1260 1221 1301 injuriis.

316 1310 358 1341 Et
383 1316 574 1350 conquestus
597 1309 651 1346 fui,
679 1310 752 1350 quia
775 1309 923 1350 magister
948 1310 1066 1340 Franco
1091 1310 1128 1339 de
1154 1310 1228 1340 Delf

315 1359 390 1390 fecit
414 1358 507 1389 michi
533 1357 663 1399 injurias
684 1365 715 1388 et
740 1359 818 1388 dixit
842 1358 934 1388 michi
957 1360 1052 1388 verba
1074 1358 1224 1399 injuriosa

311 1418 418 1439 coram
433 1407 592 1448 magistris
607 1408 645 1437 de
664 1408 804 1443 nacione,
821 1418 917 1448 super
937 1418 998 1448 quo
1020 1409 1108 1438 nacio
1130 1408 1225 1449 elegit

317 1457 498 1498 magistrum
517 1456 686 1486 Henricum
700 1456 845 1487 Aerulem
863 1463 893 1486 et
907 1457 1086 1497 magistrum
1105 1457 1224 1487 loban-

316 1516 386 1536 nem
409 1507 447 1536 de
466 1505 635 1541 Yselstein,
659 1506 712 1546 qui
732 1506 811 1535 infra
831 1507 875 1535 3··
896 1506 964 1536 dies
987 1506 1167 1536 ordinarent
1185 1508 1223 1536 de

317 1555 468 1596 predictis
486 1553 608 1594 injuriis
626 1554 714 1585 sicud
731 1561 815 1584 esset
835 1561 898 1584 tota
912 1555 1012 1590 nacio,
1031 1555 1102 1595 quia
1124 1556 1223 1595 magi-

313 1610 384 1635 ster
399 1604 518 1634 Franco
531 1603 670 1633 forefecit
681 1604 819 1644 predicte
832 1604 966 1639 nacioni,
979 1610 1009 1634 et
1026 1604 1057 1633 in
1072 1604 1132 1634 isto
1148 1614 1223 1633 con-

307 1653 521 1687 cordaverunt
532 1659 648 1693 partes,
661 1659 691 1682 et
703 1653 835 1692 predicti
850 1653 991 1693 magistri
1001 1653 1224 1683 ordinaverunt

313 1712 420 1743 pacem
435 1702 517 1732 inter
531 1702 700 1742 predictos.

721 1794 819 1825 1892

357 1867 500 1907 (Fol.5b)
518 1867 609 1897 Acta
634 1867 670 1896 in
699 1867 987 1897 continuacione
1014 1868 1184 1907 magistri

457 1916 626 1956 lingonis
647 1916 854 1946 Franconis
873 1917 916 1946 de
936 1916 1082 1956 Leydis.

357 1997 450 2026 Facta
486 1996 732 2036 congregacione
765 1996 904 2026 nacionis
941 1995 1112 2036 Anglicane
1144 1997 1226 2036 apud

319 2046 464 2077 Sanctum
475 2045 489 2075 J
494 2045 628 2075 ulianum
646 2055 812 2085 pauperem
827 2044 905 2075 hora
917 2046 1097 2086 primarum,
1111 2045 1227 2076 xxm·

314 2094 368 2124 die
384 2094 588 2133 Septembris,
602 2103 683 2123 anno
698 2099 730 2124 ut
745 2103 850 2134 supra,
867 2104 964 2134 super
975 2095 1096 2124 duobus
1111 2096 1226 2125 articu-

319 2143 373 2174 lis.
394 2143 519 2173 Primus
536 2143 574 2172 ad
593 2142 769 2182 eligendum
792 2153 903 2172 novum
923 2150 1156 2183 procuratorem
1177 2144 1227 2175 vel

314 2192 556 2223 continuandum
571 2192 740 2232 antiquum.
761 2191 800 2222 Et
814 2198 879 2221 erat
891 2192 1086 2222 continuatus
1104 2193 1135 2222 in
1150 2203 1227 2233 pro-

317 2247 491 2272 curatorem
521 2240 670 2281 magister
703 2240 795 2280 Hugo
829 2240 998 2271 Franconis
1028 2242 1066 2271 de
1098 2242 1223 2281 Leydis.

317 2291 366 2320 2-
387 2296 454 2320 erat
470 2299 566 2330 super
587 2289 872 2329 supplicacionibus
889 2296 920 2319 et
936 2289 1068 2330 injuriis.
1090 2291 1129 2320 Et
1149 2301 1226 2331 sup-

318 2338 445 2380 plicavit
462 2338 610 2379 magister
625 2338 717 2379 Hugo
733 2338 891 2378 predictus
913 2346 1107 2379 procurator.
1123 2340 1226 2380 quati·

321 2397 380 2418 nus
395 2387 483 2418 nacio
498 2386 625 2417 haberet
643 2387 745 2427 ipsum
762 2393 902 2417 avoatum
919 2393 950 2417 et
967 2394 1087 2428 gratum
1109 2388 1140 2418 in
1162 2388 1225 2419 illis

317 2446 379 2476 que
398 2437 480 2472 fecit,
498 2436 570 2476 quia
591 2436 694 2466 omnia
714 2446 775 2476 que
794 2436 866 2466 fecit
884 2437 965 2466 bono
984 2446 1088 2467 amore
1108 2443 1138 2467 et
1158 2437 1225 2468 zelo

319 2495 411 2526 quem
426 2485 575 2515 babuerat
590 2485 629 2514 ad
646 2485 805 2515 nacionem
825 2485 949 2515 fecerat.
966 2485 1006 2515 Et
1019 2491 1086 2516 erat
1103 2486 1226 2526 suppli-

317 2534 367 2565 cio
382 2533 449 2575 ejus
465 2534 600 2564 admissa
617 2535 655 2564 ab
667 2534 811 2564 omnibus
828 2534 913 2564 nullo
928 2535 1168 2565 contradicente.
1187 2535 1226 2566 Et

319 2581 451 2613 babebat
463 2583 540 2613 facta
554 2593 610 2613 sua
623 2589 711 2624 grata
725 2589 756 2613 et
767 2584 1022 2613 recommendata.

361 2631 452 2662 Facta
473 2633 719 2673 congregacione
738 2632 877 2662 nacionis
902 2631 1071 2672 Anglicane
1089 2643 1169 2663 anno
1193 2640 1226 2663 ut

318 2690 415 2722 supra
427 2681 510 2721 apud
523 2681 668 2711 Sanctum
678 2681 831 2711 Julianum
845 2690 1023 2721 pauperem,
1034 2681 1072 2711 Χ·
1082 2681 1133 2711 die
1142 2692 1225 2712 men-

319 2729 366 2760 sis
379 2729 537 2766 Octobris,
553 2729 628 2760 hora
643 2740 791 2760 nonarum
808 2730 920 2760 Nostre
934 2730 1065 2760 Domine
1078 2740 1135 2770 per
1142 2729 1225 2770 jura-

319 2784 454 2808 mentum
473 2788 568 2818 super
586 2779 707 2809 duobus
727 2779 876 2809 articulis.
897 2778 1020 2808 Primus
1043 2786 1108 2809 erat
1131 2790 1227 2819 super

321 2826 438 2857 lectura
453 2826 524 2858 libri
536 2827 726 2858 Ethicorum.
742 2828 819 2858 Cum
832 2827 958 2858 facultas
971 2828 1078 2858 eodem
1089 2828 1139 2858 die
1149 2838 1226 2858 con-

354 2936 376 2961 1.
411 2936 430 2961 1.
443 2944 465 2960 e.
476 2936 593 2961 nnn-lem.
607 2937 730 2962 Hearieua
740 2937 773 2961 dc
782 2937 883 2962 Harlem
897 2946 947 2962 non
960 2938 1156 2970 conlaudandam
1170 2947 1226 2963 cum

318 2971 428 2996 noant-0
438 2971 580 3005 (foreman)
589 2971 621 2996 de
634 2972 764 2997 Araheim.

816 449 932 476 LIBER
954 448 1266 476 PROCURATORUM
1286 448 1466 476 NATIONIS
1488 448 1735 475 ANGLICANAE

1261 971 1295 997 10

1261 1217 1295 1243 15

1260 1464 1294 1490 20

1260 1709 1294 1735 25

1262 1955 1297 1982 3⁰

1262 2446 1296 2472 4⁰

1262 2690 1296 2717 45

2188 450 2241 476 670

1333 525 1552 565 gregacionem
1572 525 1732 555 habuisset
1749 526 1786 554 de
1807 526 1866 555 ista
1886 525 2013 560 lectura,
2031 532 2060 555 et
2074 527 2239 555 concordia

1331 584 1393 604 non
1411 580 1533 614 poterat
1546 573 1653 603 haberi
1671 584 1726 614 per
1742 575 1898 609 naciones,
1914 581 1943 603 et
1957 581 2078 614 tempus
2094 575 2237 610 instabat,

1332 623 1404 663 quia
1420 624 1583 662 oportebat
1598 623 1649 652 die
1664 629 1812 662 sequente
1828 623 1965 662 incipere
1984 624 2113 662 primam
2131 624 2239 653 lectio-

1332 682 1412 707 nem,
1439 672 1610 712 requisitus
1632 671 1688 701 feci
1711 672 1777 701 fieri
1806 672 2094 711 congregacionem,
2120 679 2150 701 et
2175 679 2240 701 erat

1331 721 1510 751 conclusum
1539 722 1623 760 quod
1651 721 1798 761 magister
1825 721 1956 760 Egidius
1987 722 2100 750 dictum
2128 721 2238 750 librum

1332 770 1513 800 Ethicorum
1541 770 1592 799 die
1623 776 1771 809 sequente
1796 770 1948 809 inciperet
1977 770 2079 809 legere
2109 771 2140 799 in
2171 771 2239 800 vico

1333 819 1498 850 Straminis
1512 825 1543 849 et
1557 819 1748 853 continuare,
1768 820 1935 848 secundum
1959 820 2041 858 quod
2059 820 2116 848 alie
2135 821 2240 849 nacio—

1332 879 1388 899 nes
1403 870 1551 898 fecerunt.
1573 869 1619 898 2¹¹·
1635 868 1782 897 articulus
1801 874 1866 897 erat
1887 878 1982 907 super
1999 868 2241 907 supplicacioni-

1332 919 1390 948 bus
1406 925 1436 947 et
1450 916 1583 958 injuriis.
1600 917 1639 947 Et
1658 917 1844 956 supplicavit
1858 917 2005 956 magister
2028 917 2159 957 Egidius
2176 918 2240 947 Jut-

1332 968 1407 1002 faes,
1419 967 1564 1006 quatinus
1577 966 1664 996 nacio
1679 967 1766 995 daret
1781 966 1841 995 sibi
1856 967 1946 995 finem
1962 967 1999 995 de
2014 967 2095 995 dicta
2113 967 2239 1002 lectura,

1333 1016 1452 1046 scilicet
1468 1017 1552 1056 quod
1563 1016 1682 1055 legeret
1697 1015 1746 1045 vel
1765 1025 1827 1044 non
1843 1015 1970 1055 legeret.
1985 1015 2023 1045 Et
2038 1022 2104 1045 erat
2119 1016 2240 1056 suppli-

1333 1065 1420 1095 cacio
1434 1065 1580 1101 admissa,
1598 1065 1668 1104 quia
1691 1065 1778 1094 nacio
1801 1071 1934 1104 protunc
1953 1065 2178 1094 determinavit.

1739 1158 1836 1188 1392

1472 1229 1561 1260 Acta
1583 1230 1619 1259 in
1643 1230 1904 1270 procuratoria
1930 1230 2099 1270 magistri

1625 1279 1805 1309 Johannis
1835 1278 1942 1319 Gray.

1371 1360 1464 1390 Anno
1478 1359 1603 1389 Domini
1619 1359 1783 1388 millesimo
1797 1358 1892 1390 CCC⁰
1903 1360 2104 1399 nonagesimo
2117 1361 2159 1395 2⁰,
2174 1359 2241 1389 XX⁸

1332 1409 1382 1438 die
1399 1408 1516 1438 mensis
1529 1408 1687 1443 Octobris,
1705 1408 1781 1438 hora
1797 1408 1964 1448 primarum
1982 1410 2057 1438 sacta
2072 1419 2239 1448 congrega-

1332 1458 1419 1488 cione
1442 1457 1581 1486 nacionis
1607 1457 1690 1497 apud
1719 1457 1863 1486 Sanctum
1891 1457 2043 1487 Julianum
2072 1468 2239 1497 pauperem

1332 1517 1427 1547 super
1444 1516 1505 1536 uno
1520 1506 1650 1536 articulo
1669 1506 1892 1545 principaliter,
1908 1506 2052 1535 videlicet
2067 1508 2102 1536 ad
2122 1507 2240 1546 eligen-

1331 1557 1403 1586 dum
1437 1565 1549 1585 novum
1583 1561 1828 1595 procuratorem,
1859 1556 1974 1585 electus
2006 1556 2062 1585 fuit
2093 1556 2241 1595 magister

1330 1605 1487 1635 Johannes
1503 1604 1598 1643 Gray.

1372 1655 1444 1694 (Fol.
1465 1654 1492 1694 6)
1519 1653 1610 1683 Facta
1633 1653 1882 1693 congregacione
1909 1653 2047 1683 nacionis
2070 1653 2239 1693 Anglicane

1332 1703 1413 1743 apud
1430 1703 1576 1732 Sanctum
1591 1702 1791 1738 Maturinum,
1808 1702 1935 1732 XXVII·
1948 1703 1998 1732 die
2013 1703 2128 1732 mensis
2145 1703 2240 1732 Octo-

1332 1752 1399 1782 bris
1410 1761 1491 1782 anno
1506 1758 1540 1781 ut
1549 1761 1655 1791 supra,
1668 1761 1763 1791 super
1776 1762 1836 1780 uno
1847 1751 1977 1782 articulo
1987 1752 2131 1782 videlicet
2146 1762 2240 1791 super

1332 1802 1392 1831 fine
1410 1800 1541 1831 faciendi
1561 1800 1684 1841 negocii
1699 1800 1814 1830 versati
1833 1800 1913 1830 inter
1930 1801 2087 1830 nacionem
2106 1807 2135 1830 et
2154 1801 2240 1840 epis·

1333 1860 1444 1891 copum
1462 1849 1663 1879 Baiocensem
1682 1850 1805 1879 racione
1823 1849 1980 1889 cujusdam
1996 1850 2067 1879 orti.
2086 1849 2146 1879 Ubi
2162 1850 2240 1879 deli-

1332 1900 1471 1929 beratum
1500 1899 1556 1928 fuit
1585 1899 1668 1938 quod
1702 1905 1885 1938 procurator
1912 1899 2051 1928 nacionis
2081 1909 2139 1928 una
2172 1909 2239 1928 cum

1333 1954 1494 1988 receptore
1515 1948 1649 1977 facerent
1671 1948 1797 1977 formam
1820 1948 1998 1987 quittancie,
2022 1958 2118 1987 penes
2140 1948 2240 1977 domi-

1335 2007 1406 2027 num
1418 1997 1598 2037 episcopum
1607 2006 1787 2026 remansura
1795 1996 1921 2031 minuta,
1931 1996 1995 2026 etsi
2011 1997 2160 2036 episcopo
2174 1996 2240 2036 pla-

1335 2052 1429 2081 ceret,
1444 2045 1547 2075 debite
1561 2052 1760 2085 grossaretur
1775 2051 1804 2074 et
1818 2044 2018 2085 sigillaretur‚
2031 2051 2061 2074 et
2071 2046 2152 2084 quod
2166 2055 2239 2085 pro-

1335 2101 1459 2125 curator
1473 2094 1639 2134 magistros
1653 2095 1683 2123 in
1702 2094 1924 2134 prosecucione
1940 2093 2029 2134 hujus
2047 2094 2167 2134 negocii
2182 2104 2240 2133 pro

1335 2154 1391 2174 suo
1402 2143 1490 2174 libito
1501 2150 1532 2173 et
1542 2154 1621 2183 quos
1634 2143 1665 2172 in
1680 2143 1810 2183 negocio
1820 2144 1879 2173 isto
1893 2143 1990 2182 magis
2001 2143 2122 2172 noverit
2132 2153 2239 2182 exper-

1334 2199 1384 2223 tos
1401 2199 1552 2222 evocaret.
1571 2193 1640 2230 Quo
1653 2192 1703 2221 die
1722 2192 1909 2232 supplicavit
1923 2192 2070 2232 magister
2082 2192 2238 2221 Jobannes

1336 2241 1518 2277 Forestarii,
1536 2247 1569 2271 ut
1583 2243 1670 2270 fieret
1686 2241 1893 2281 congregacio
1912 2241 2081 2280 solempnis
2100 2241 2238 2270 nacionis

1334 2300 1429 2331 super
1457 2290 1590 2330 singulis
1623 2300 1680 2330 per
1711 2290 1811 2330 ipsum
1843 2290 2055 2330 proponendis
2085 2290 2239 2319 delibera-

1333 2346 1412 2370 ture.

1374 2388 1466 2419 Facta
1499 2388 1746 2429 congregacione
1779 2387 1918 2417 nacionis
1952 2387 2122 2427 Anglicane
2159 2388 2239 2427 apud

1333 2437 1479 2467 Sanctum
1509 2437 1694 2467 Maturinum
1725 2437 1832 2467 ultimo
1861 2437 1910 2465 die
1937 2437 2052 2466 mensis
2081 2437 2238 2471 Octobris,

1333 2497 1413 2516 anno
1437 2496 1499 2526 quo
1523 2496 1628 2526 supra,
1657 2496 1752 2526 super
1773 2486 1894 2515 duobus
1919 2485 2068 2519 articulis,
2097 2484 2241 2514 videlicet

1333 2545 1428 2575 super
1456 2535 1569 2575 primo,
1596 2541 1628 2565 ut
1659 2541 1802 2575 receptor
1835 2534 1972 2564 nacionis
1998 2534 2149 2573 reciperet
2184 2544 2240 2573 per

1333 2594 1441 2614 manus
1459 2584 1678 2624 magistrorum
1697 2583 1842 2614 Germani
1859 2589 1888 2612 et
1902 2583 2050 2612 Johannis
2066 2583 2149 2622 Gray
2172 2582 2239 2622 ple-

1333 2643 1401 2663 nam
1433 2633 1621 2663 solucionem
1650 2632 1703 2662 XL
1739 2633 1910 2662 francorum
1945 2631 2066 2660 nominc
2101 2631 2238 2671 magistri

1334 2682 1463 2712 Roberti
1481 2682 1519 2711 de
1535 2682 1678 2721 Cardeny
1690 2680 1714 2716 ²,
1733 2681 1958 2720 obligacionem
1971 2680 2062 2709 dictis
2080 2680 2238 2719 magistris

1334 2741 1429 2771 super
1450 2730 1609 2760 solucione
1626 2731 1702 2759 facta
1719 2740 1774 2770 per
1795 2730 1918 2758 eosdem
1937 2729 2123 2758 redditurus.
2144 2728 2239 2758 Prout

1334 2780 1495 2820 petebatur
1511 2786 1541 2809 et
1556 2779 1651 2808 forma
1668 2780 1775 2808 factum
1792 2785 1849 2807 est.

1374 2829 1420 2858 2¹⁸·
1447 2828 1502 2858 fuit
1525 2828 1672 2857 articulus
1700 2827 1879 2866 propositus
1907 2827 1943 2855 ad
1976 2826 2237 2865 supplicacionem

1365 2939 1388 2962 2.
1429 2938 1483 2962 rid.
1497 2946 1575 2970 cupra
1590 2946 1614 2969 p.
1628 2939 1683 2965 mlo,
1697 2938 1727 2960 ³9
1738 2945 1793 2968 sqq.

1728 0 2289 27 &vffwxmswwrvrv
