2632 3464
291 458 345 487 889

292 537 372 572 bris,
401 545 496 576 super
521 535 622 565 tribus
653 533 803 565 articulis.
834 534 973 572 Quorum
999 534 1119 573 primus
1144 534 1201 564 suit

293 595 388 625 super
406 586 485 615 facto
507 584 654 614 lesorum.
683 583 844 614 Secundus
868 583 924 613 fuit
937 583 976 612 ad
996 583 1199 612 ordinandum

292 635 332 664 de
347 635 426 664 sesto
442 633 595 663 nacionis.
618 632 658 662 Et
671 632 787 662 tercius
804 632 861 662 fuit
879 641 975 671 super
992 631 1200 671 supplicacio-

291 683 386 713 nibus
395 689 427 712 et
442 681 576 723 injuriis.
593 681 702 719 Quoad
713 681 846 721 primum
865 680 1025 710 articulum
1039 681 1100 710 dati
1114 686 1202 710 erant

292 731 442 772 deputati,
468 731 521 771 qui
543 730 692 760 haberent
705 730 812 760 videre
830 730 1029 769 quantitatem
1053 736 1084 759 et
1100 729 1201 769 quali-

293 787 385 811 tatem
405 780 540 810 lesorum
556 786 614 809 etc.
635 779 744 817 Quoad
764 779 932 809 secundum
951 778 1111 822 articulum
1133 778 1202 818 pla-

293 830 383 860 cebat
396 829 540 859 omnibus
556 829 655 858 facere
676 829 786 858 festum
803 828 972 857 secundum
991 828 1114 857 modum
1129 837 1201 856 con-

295 884 427 914 suetum,
458 883 488 908 et
513 878 598 917 quod
632 877 721 907 nacio
751 876 851 907 solvat
881 882 989 906 totum.
1020 876 1129 914 Quoad
1161 877 1202 905 3¹¹¹

293 926 454 957 articulum
473 925 661 966 supplicavit
672 926 796 966 quidam
814 925 952 955 medicus
967 935 1024 965 pro
1040 926 1132 955 fratre
1145 935 1202 954 suo

294 975 373 1011 leso,
394 975 539 1005 videlicet
556 975 640 1015 quod
658 974 747 1004 nacio
768 974 861 1004 vellet
879 984 914 1004 se
934 975 1013 1004 bene
1037 974 1202 1003 informare

294 1025 334 1055 de
364 1023 495 1059 lesione,
520 1023 666 1064 qualitate
689 1029 721 1053 et
750 1023 930 1063 quantitate.
959 1023 991 1052 2⁰
1017 1022 1204 1063 supplicavit

295 1083 389 1104 unum
416 1073 612 1113 suppositum
640 1072 738 1102 lesum
762 1073 800 1102 de
831 1072 959 1102 nacione
982 1078 1099 1101 nostra.
1128 1072 1202 1101 Item

295 1121 460 1162 suplicavit
485 1121 635 1162 magister
655 1121 790 1151 Thomas
820 1122 859 1150 de
883 1121 1021 1161 Ungaria
1045 1121 1083 1150 ad
1109 1120 1201 1150 idem.

296 1171 371 1202 Item
386 1180 467 1201 unus
481 1170 630 1200 Gallicus.
651 1170 724 1200 Istis
740 1170 883 1200 omnibus
896 1170 958 1199 dati
973 1171 1095 1200 fuerunt
1109 1170 1204 1209 depu-

295 1219 350 1250 tati
365 1225 424 1250 etc.
443 1219 497 1260 qui
511 1219 662 1249 haberent
676 1222 710 1249 se
727 1219 892 1249 informare
909 1220 948 1248 de
962 1220 1041 1249 sacto
1057 1228 1175 1248 eorum.

336 1268 412 1298 Item
435 1268 623 1309 supplicavit
643 1274 827 1308 procurator
841 1268 980 1298 nacionis
998 1268 1126 1298 Francie
1145 1277 1204 1307 pro

296 1317 484 1349 cancellario
526 1317 638 1347 Sancte
678 1316 855 1347 Genovese'
899 1323 933 1347 ut
971 1323 1078 1347 nostra
1116 1317 1204 1346 nacio

296 1367 460 1397 assisteret
480 1366 578 1396 eidem
597 1365 793 1402 cancellario,
809 1375 846 1395 ex
862 1376 923 1406 quo
941 1366 1036 1396 abbas
1048 1365 1060 1384 ²
1076 1376 1143 1396 eum
1166 1367 1204 1395 ab

299 1415 399 1446 officio
427 1415 579 1451 destituit,
605 1421 721 1445 attento
745 1415 829 1455 quod
855 1415 949 1455 longo
969 1421 1108 1454 tempore
1131 1425 1205 1454 pre-

297 1465 413 1495 dictum
422 1464 555 1494 officium
563 1463 696 1494 fideliter
701 1463 848 1494 exercuit.
860 1463 1047 1494 Conclusum
1057 1464 1111 1493 fuit
1121 1465 1205 1504 quod

298 1513 390 1543 nacio
403 1513 526 1543 volebat
542 1522 668 1543 servare
688 1512 846 1542 libertates
865 1512 1016 1542 facultatis
1025 1524 1033 1548 ς
1050 1519 1150 1542 tamen
1167 1514 1204 1542 de

299 1563 377 1593 facto
404 1562 436 1591 in
459 1571 494 1591 se
518 1561 641 1592 volebat
664 1561 762 1602 magis
787 1562 957 1597 informari,
980 1561 1052 1601 quia
1075 1561 1206 1592 habebat

299 1610 517 1641 cancellarium
539 1611 619 1640 bene
641 1616 772 1651 gratum.
795 1611 869 1640 ltem
890 1610 1130 1640 concludebatur
1150 1619 1206 1649 per

298 1670 407 1690 omnes
419 1659 597 1700 magistros,
607 1660 634 1689 si
646 1660 836 1699 reperiretur
846 1659 958 1699 aliquis
965 1659 1074 1689 volens
1084 1658 1206 1688 nacioni

298 1709 470 1739 concedere
495 1708 641 1748 pecunias
658 1718 718 1748 pro
737 1709 937 1744 ornamentis,
957 1708 1045 1738 nacio
1063 1707 1156 1737 vellet
1171 1717 1205 1737 se

297 1757 439 1798 obligare
451 1758 489 1787 ad
502 1757 684 1787 solvendum
699 1757 759 1787 sibi
774 1763 833 1787 etc.

707 1851 806 1880 1404

417 1921 489 1962 (Fal.
539 1922 586 1962 78)
634 1921 885 1952 Continuacio
927 1920 1088 1962 ejusdem

549 1970 723 2012 magistri
759 1970 955 2001 Johannis.

342 2051 434 2082 Facta
447 2051 694 2091 congregacione
711 2051 851 2081 nacionis
866 2057 939 2091 aput
954 2050 1097 2081 Sanctum
1111 2050 1207 2080 Matu-

301 2101 402 2131 rinum
428 2110 509 2130 anno
541 2100 668 2130 Domini
695 2106 729 2130 ut
751 2109 857 2140 supra,
883 2099 998 2129 xvnl·
1020 2100 1069 2129 die
1092 2100 1208 2129 mensis

302 2149 487 2180 Novembris
514 2158 609 2188 super
633 2148 754 2179 duobus
779 2148 928 2178 articulis.
954 2149 1077 2178 Primus
1095 2154 1159 2178 erat
1171 2148 1208 2178 ad

299 2199 479 2239 eligendum
505 2203 737 2238 procuratorem
765 2207 877 2227 novum
898 2197 947 2227 vel
970 2197 1208 2227 continuandum

301 2247 473 2287 antiquum.
499 2246 660 2276 Secundus
682 2252 747 2276 erat
769 2256 863 2286 super
881 2245 1166 2286 supplicacionibus
1181 2251 1211 2275 et

302 2295 436 2337 injuriis.
466 2296 575 2333 Quoad
597 2295 729 2335 primum
758 2295 919 2325 articulum
943 2295 1121 2324 conclusum
1142 2294 1208 2330 fuit,

302 2345 425 2375 nemine
440 2344 635 2379 reclamante,
650 2345 733 2383 quod
753 2344 897 2383 antiquus
914 2349 1099 2383 procurator
1110 2342 1211 2373 conti-

303 2399 461 2424 nuaretur.
488 2393 595 2430 Quoad
618 2394 658 2422 2¹¹·
681 2393 842 2422 articulum
868 2392 1055 2432 supplicavit
1066 2392 1211 2432 antiquus

303 2448 488 2483 procurator
502 2443 584 2481 quod
597 2441 762 2471 haberetur
773 2448 892 2482 gratus,
909 2447 1036 2471 avoatus
1050 2447 1081 2471 et
1091 2451 1211 2470 recom-

305 2492 476 2522 mendatus.
495 2491 535 2520 Et
550 2490 605 2521 suit
617 2490 833 2530 [supplicacio]
845 2499 993 2520 concessa
1005 2491 1042 2519 ab
1055 2489 1209 2520 omnibus.

306 2540 411 2571 Eciam
433 2539 567 2569 ordinati
591 2540 713 2569 suerunt
740 2545 957 2579 procuratores
977 2539 1048 2577 festi
1069 2540 1212 2568 Almana-

304 2599 370 2619 rum
380 2587 394 2608 ⁸
405 2587 522 2618 scilicet
531 2588 678 2628 magister
691 2588 865 2623 Conradus.
874 2587 1021 2628 magister
1031 2587 1164 2617 lacobus
1174 2588 1212 2616 de

307 2637 433 2668 Heriem
446 2643 477 2667 et
490 2637 639 2677 magister
657 2636 831 2676 Stephanus
850 2635 972 2667 Scotus.

354 2686 446 2716 Facta
487 2685 735 2726 congregacione
778 2685 916 2715 nacionis
954 2691 1027 2725 aput
1068 2685 1212 2715 Sanctum

339 2769 362 2793 1.
395 2770 515 2793 Fortuna
529 2768 616 2793 adhuc
634 2768 760 2801 Aegidius
773 2768 805 2792 de
817 2768 915 2792 Vannio
927 2767 1097 2792 cancellarius
1109 2767 1170 2799 licit,
1182 2767 1214 2792 de

307 2812 358 2838 quo
375 2804 506 2833 Chartal..
522 2804 568 2833 111,
588 2812 614 2837 p.
637 2805 692 2828 ³0⁸.
716 2805 788 2828 Certe
803 2806 887 2828 lamen
907 2803 954 2827 hoe
972 2811 1040 2827 anno
1058 2803 1214 2835 liudulphus

308 2840 456 2864 nure-cnut
465 2840 491 2864 ln
503 2839 685 2869 meeum-mm
697 2842 723 2865 S.
740 2840 882 2871 Genovesae
890 2839 1020 2863 intimem
1033 2842 1083 2870 «nt,-
1096 2846 1140 2863 an.
1152 2838 1214 2863 stoc

307 2874 394 2904 licant.
415 2874 440 2899 ὑι
463 2874 542 2900 theol.
567 2883 581 2899 e
603 2875 688 2900 Catal.
712 2875 799 2900 licent.
810 2883 816 2903 ς
843 2883 886 2899 an.
910 2875 979 2903 1407,
996 2875 1054 2898 lun.
1072 2875 1111 2902 ²0.
1132 2872 1214 2897 abbae

309 2910 427 2935 Omnium
436 2912 586 2935 sanctorum
601 2911 671 2943 (naq.
684 2913 729 2935 Aa.
741 2910 837 2935 bened.
851 2911 919 2938 ΧΙΙΙ,
931 2909 979 2933 vol.
990 2909 1074 2941 xux,
1085 2908 1132 2941 sol.
1143 2909 1213 2940 ¹27);

308 2953 353 2970 an.
367 2945 438 2974 tata.
451 2947 518 2979 Aug.
533 2945 571 2974 ta.
587 2945 670 2971 abban
682 2947 708 2970 S.
723 2946 865 2977 Ganovesac
874 2946 944 2979 (fleg.
957 2946 1040 2969 Later.
1052 2944 1109 2969 Joh.
1122 2945 1212 2974 xxm.

311 2989 356 3006 aa.
369 2983 392 3010 5.
403 2986 431 3005 n·
444 2980 498 3011 17³,
510 2980 531 3013 s.
543 2981 607 3014 250).

801 458 915 484 LIBER
938 456 1249 484 PROCURATORUM
1269 457 1449 485 NATIONIS
1467 458 1712 486 ANGLICANAE

1242 978 1274 1004 10

1241 1222 1275 1249 15

1242 1467 1276 1494 20

1243 1712 1277 1738 25

1244 1957 1278 1983 30

1248 2446 1282 2474 40

1251 2691 1284 2718 45

2157 462 2210 489 890

1308 533 1451 564 Cosmam
1465 541 1495 564 et
1508 535 1689 565 Damianum
1700 546 1780 566 anno
1792 537 1916 567 Domini
1925 538 2087 568 millesimo
2102 538 2209 569 CCCC

1308 583 1395 618 11110,
1405 583 1536 613 XXIIII·
1545 584 1595 614 die
1604 585 1720 614 mensis
1729 586 1924 622 Novembris,
1935 587 2053 617 scilicet
2065 588 2095 617 in
2106 588 2211 628 vigilia

1309 631 1452 662 Katerine
1468 632 1610 673 virginis,
1624 643 1718 673 super
1730 635 1830 664 tribus
1843 635 1992 665 articulis.
2009 636 2131 666 Primus
2147 643 2213 666 erat

1308 681 1346 710 ad
1365 681 1549 711 audiendum
1564 681 1696 721 aliquam
1718 682 1836 712 literam
1850 684 1974 713 missam
1990 686 2027 714 ab
2041 695 2101 714 uno
2113 686 2212 726 magi-

1309 735 1374 759 stro
1388 730 1427 759 de
1439 730 1499 759 alta
1515 730 1666 760 Almania.
1687 731 1849 762 Secundus
1867 739 1932 762 erat
1949 743 2044 772 super
2063 734 2213 764 distrihu-

1309 778 1462 814 cionibus,
1476 779 1594 808 scilicet
1606 790 1643 809 an
1662 781 1802 820 magistri
1815 781 1930 811 vellent
1944 783 2027 822 quod
2041 790 2211 818 currerent,

1309 833 1425 857 attento
1439 829 1523 867 quod
1539 829 1627 858 nacio
1647 829 1773 859 multum
1789 831 1932 870 exposuit
1952 831 1984 860 in
2007 832 2084 861 sesto
2105 838 2135 861 et
2152 842 2213 861 non

1310 882 1375 906 erat
1394 877 1570 916 pecuniosa.
1589 877 1716 908 Tercius
1736 885 1801 908 erat
1820 889 1915 919 super
1930 880 2214 920 supplicacionibus

1310 932 1341 955 et
1365 924 1498 965 injuriis.
1529 926 1636 964 Quoad
1662 927 1795 966 primum
1815 928 1930 968 placuit
1953 929 2058 958 audire
2083 929 2213 964 literam.

1310 981 1341 1004 et
1371 974 1461 1004 litera
1490 975 1593 1005 audita
1621 977 1816 1006 concorditer
1844 977 2102 1013 deliberaverunt,
2133 979 2215 1018 quod

1311 1023 1438 1053 haberet
1452 1034 1542 1053 unam
1564 1024 1683 1054 literam
1707 1026 1941 1056 testimonialem
1963 1027 2001 1056 de
2023 1027 2213 1068 magisterio,

1311 1082 1349 1102 ex
1368 1083 1429 1112 quo
1450 1072 1480 1102 in
1498 1072 1587 1102 litera
1605 1073 1658 1102 illa
1676 1074 1862 1114 supplicavit
1880 1085 1939 1115 pro
1959 1086 2005 1111 ea,
2029 1082 2087 1105 etc.
2107 1077 2215 1113 Quoad

1310 1122 1352 1150 2¹¹¹
1363 1121 1478 1161 placuit
1493 1128 1522 1151 et
1535 1123 1617 1161 quod
1629 1123 1717 1152 vadia
1730 1124 1938 1154 venderentur
1948 1131 1978 1154 et
1989 1131 2217 1164 exponerentur

1310 1170 1497 1200 vendicioni.
1515 1170 1623 1208 Quoad
1640 1172 1680 1200 3¹²
1693 1172 1945 1211 supplicaverunt
1961 1173 2005 1203 illi
2023 1174 2163 1214 magistri
2178 1175 2216 1203 de

1312 1219 1443 1248 ecclesia
1460 1226 1489 1249 et
1505 1220 1730 1259 gubernatores
1745 1221 1874 1251 ecclesie
1884 1221 1907 1258 ⁴,
1922 1223 2004 1262 quod
2020 1223 2108 1252 nacio
2126 1222 2218 1252 vellet

1312 1268 1442 1297 ecclesie
1458 1269 1622 1298 subvenire
1636 1275 1694 1298 etc.
1707 1269 1802 1300 Nacio
1815 1271 1901 1300 dedit
1914 1271 2044 1301 ecclesie
2057 1272 2083 1301 X
2095 1273 2217 1301 {raneos

1313 1326 1370 1357 pro
1385 1317 1500 1346 factura
1516 1317 1657 1353 ecclesie,
1676 1319 1730 1348 sed
1747 1320 1829 1358 quod
1845 1326 2042 1359 expectarent
2056 1330 2216 1360 quousque

1312 1366 1400 1395 nacio
1416 1365 1542 1395 haberet
1558 1367 1729 1396 facultatem
1743 1368 1882 1397 solvendi
1898 1375 1955 1398 etc.

1353 1415 1445 1444 Facta
1491 1416 1737 1455 congregacione
1777 1417 1916 1446 nacionis
1960 1424 2032 1457 aput
2073 1418 2217 1447 Sanctum

1314 1464 1494 1493 Damianum
1515 1469 1546 1493 et
1566 1463 1708 1494 Cosmam
1725 1475 1806 1494 anno
1823 1466 1946 1495 Domini
1960 1467 1991 1496 M
2005 1466 2112 1497 CCCC
2132 1467 2216 1501 llll⁰‚

1312 1512 1472 1542 xxvtlll·
1483 1512 1533 1542 die
1548 1513 1665 1543 mensis
1682 1514 1878 1550 Novembris,
1890 1515 2006 1544 scilicet
2019 1516 2049 1544 in
2060 1516 2109 1545 die
2121 1515 2218 1545 sancti

1313 1561 1437 1591 Andree
1449 1561 1461 1579 ³
1482 1568 1552 1601 post
1568 1561 1702 1602 vigilias,
1722 1573 1818 1603 super
1838 1564 1960 1593 duobus
1978 1564 2126 1594 articulis.
2147 1564 2217 1593 Pri-

1313 1620 1381 1640 mus
1412 1616 1478 1640 erat
1507 1611 1545 1639 ad
1575 1611 1741 1641 videndum
1770 1618 1871 1642 utrum
1901 1613 2041 1653 magistri
2071 1614 2219 1643 deberent

1314 1658 1427 1688 habere
1461 1659 1714 1695 distribuciones,
1753 1667 1783 1690 et
1814 1661 1841 1690 si
1874 1671 1948 1699 non,
1977 1669 2077 1692 utrum
2105 1662 2219 1692 vellent

1314 1713 1448 1737 statuere
1463 1709 1547 1747 quod
1565 1708 1723 1744 haberent,
1738 1716 1852 1740 attento
1868 1711 1951 1750 quod
1967 1710 2055 1741 valde
2072 1711 2161 1751 pauci
2180 1711 2218 1740 ad

1313 1757 1436 1797 vigilias
1451 1763 1602 1787 venerunt
1617 1763 1674 1787 etc.
1698 1758 1858 1788 Secundus
1874 1759 1929 1789 suit
1948 1770 2042 1800 super
2061 1759 2219 1799 supplica-

1314 1805 1456 1835 cionibus
1468 1812 1498 1835 et
1514 1805 1647 1846 injuriis.
1668 1806 1776 1844 Quoad
1793 1807 1832 1836 2¹¹·
1843 1808 1947 1838 nichil.
1963 1809 2071 1846 Quoad
2086 1809 2219 1848 primum

1315 1855 1510 1884 concorditer
1536 1855 1796 1892 deliberaverunt,
1830 1857 1951 1887 nemine
1977 1858 2217 1893 contradicente,

1315 1903 1398 1944 quod
1427 1903 1668 1934 distribuciones
1695 1912 1856 1935 currerent
1884 1905 1915 1935 in
1938 1906 2044 1946 vigilia
2070 1913 2100 1936 et
2125 1906 2220 1936 missa

1315 1952 1454 1982 nacionis
1470 1962 1527 1992 pro
1548 1953 1701 1982 defunctis
1718 1960 1796 1990 etc.;
1820 1960 1919 1984 tamen
1937 1955 2031 1994 aliqui
2053 1955 2220 1994 tetigerunt

1316 2002 1399 2041 quod
1437 2002 1550 2031 bonum
1582 2008 1665 2031 esset
1695 2003 1777 2042 quod
1816 2003 1903 2032 nacio
1937 2010 2158 2033 convocaretur
2188 2004 2219 2033 in

1317 2050 1457 2090 sequenti
1471 2050 1521 2079 die
1537 2060 1631 2090 super
1641 2051 1748 2080 eodem
1762 2053 1839 2081 sacto
1853 2058 1909 2081 etc.

1357 2098 1449 2128 Facta
1490 2099 1736 2139 congregacione
1776 2101 1915 2131 nacionis
1957 2108 2030 2141 aput
2075 2101 2218 2131 Sanctum

1317 2147 1460 2178 Cosmam
1483 2154 1513 2178 et
1536 2147 1729 2184 Damianum,
1757 2159 1837 2179 anno
1854 2156 1887 2180 ut
1902 2160 2006 2190 supra,
2028 2160 2123 2190 super
2142 2151 2219 2180 sacto

1317 2196 1348 2226 in
1371 2197 1420 2226 die
1442 2197 1539 2226 sancti
1563 2197 1687 2227 Andree
1710 2207 1766 2237 per
1782 2199 1939 2228 nacionem
1958 2199 2114 2234 concluso,
2133 2200 2220 2229 vidc-

1318 2245 1390 2275 licet
1409 2251 1510 2275 utrum
1539 2245 1675 2285 placeret
1690 2247 1772 2286 quod
1795 2247 2035 2277 distribuciones
2056 2249 2086 2277 in
2108 2258 2221 2288 perpe-

1318 2300 1401 2324 tuum
1417 2300 1578 2323 currerent
1592 2300 1663 2329 etc.‚
1680 2294 1929 2325 deliberaverunt
1946 2306 2051 2325 omnes
2067 2297 2148 2336 quod
2162 2296 2219 2332 sic,

1318 2349 1349 2372 et
1362 2343 1446 2382 quod
1458 2349 1595 2372 sanctum
1605 2349 1636 2372 et
1646 2343 1729 2383 pium
1741 2350 1816 2379 erat,
1829 2345 1911 2384 quod
1923 2345 1974 2374 illa
1985 2345 2035 2374 die
2047 2351 2219 2380 currerent,

1319 2391 1345 2421 si
1361 2391 1392 2420 in
1407 2390 1477 2420 aliis
1495 2391 1604 2421 diebus
1622 2401 1683 2421 non
1702 2393 1851 2423 deberent
1867 2403 1991 2423 currere
2006 2400 2063 2423 etc.

1360 2440 1432 2480 (Fol.
1465 2442 1502 2470 78
1514 2439 1538 2479 ι’)
1577 2439 1666 2470 Facta
1703 2442 1948 2482 congregacione
1979 2442 2116 2472 nacionis
2149 2450 2222 2483 aput

1320 2489 1464 2518 Sanctum
1481 2488 1667 2519 Maturinum
1684 2500 1764 2519 anno
1785 2490 1908 2520 Domini
1924 2491 2085 2520 millesimo
2099 2491 2223 2522 CCCC⁰

1322 2537 1407 2573 ullo,
1424 2538 1474 2567 die
1495 2539 1526 2567 3·
1545 2538 1660 2568 mensis
1682 2538 1874 2574 Decembris.
1896 2550 1990 2580 super
2006 2541 2127 2570 duobus
2146 2540 2223 2570 arti-

1321 2586 1409 2616 culis.
1429 2586 1553 2616 Primus
1574 2592 1639 2616 erat
1659 2588 1697 2616 ad
1719 2587 1896 2617 avisandum
1917 2595 1946 2618 et
1969 2589 2100 2618 dandum
2117 2589 2222 2618 conci-

1321 2635 1393 2665 lium
1419 2635 1624 2675 procuratori,
1644 2635 1715 2675 quia
1743 2642 1854 2666 tactum
1873 2643 1937 2667 crat
1960 2637 2040 2667 inter
2061 2638 2223 2677 deputatos

1321 2684 1403 2723 quod
1417 2684 1532 2713 domini
1545 2684 1652 2719 duces,
1667 2684 1786 2714 scilicet
1795 2685 1926 2715 Bitturie
1939 2692 1969 2715 et
1978 2685 2221 2721 Aurelianensis,

1351 2767 1375 2792 2.
1409 2766 1558 2799 Stephanus
1580 2767 1612 2791 de
1634 2767 1722 2796 Petra.
1744 2767 1826 2791 abban
1845 2770 1870 2792 S.
1894 2770 2035 2800 Gemwesaae
2054 2768 2086 2792 ab
2101 2777 2145 2794 an.
2164 2769 2221 2793 tant

1321 2802 1354 2834 (ν.
1374 2802 1492 2826 chartul.
1511 2802 1555 2831 m,
1574 2810 1600 2834 p.
1621 2803 1675 2831 1125,
1693 2806 1744 2827 noe.
1765 2803 1798 2834 ³).
1818 2803 1971 2828 Fran-cincu-
1986 2803 2018 2827 de
2037 2804 2124 2836 Nyons
2144 2804 2223 2828 tolum

1321 2845 1364 2861 an.
1378 2838 1448 2867 1⁴0⁶,
1461 2837 1520 2862 Jan.
1536 2838 1575 2866 22,
1591 2837 1673 2862 abbae
1683 2839 1768 2870 factm
1780 2841 1818 2862 eet
1835 2839 1905 2871 (Reg.
1921 2840 1965 2864 Au.
1979 2839 2073 2864 Bened.
2092 2840 2158 2869 xm,
2175 2839 2223 2865 νοΙ.

1322 2873 1432 2901 ΧΙΝΙΙΙ,
1442 2872 1487 2904 sol.
1503 2873 1552 2906 91).

1351 2909 1374 2932 8.
1409 2908 1468 2933 Seil.
1481 2909 1572 2941 seclum
1585 2909 1611 2932 S.
1627 2908 1764 2933 Edmundi.

1352 2945 1375 2968 4.
1409 2945 1454 2968 SS.
1468 2944 1578 2969 Cotmae
1593 2947 1619 2967 et
1629 2944 1757 2969 Damiani.
1781 2944 1835 2969 rid.
1850 2952 1876 2976 p.
1890 2945 1943 2974 8⁶7.
1957 2945 1995 2969 2⁹.

1354 2982 1378 3003 δ.
1412 2979 1498 3004 Potius
1509 2980 1535 3003 in
1546 2979 1637 3011 vigilia
1651 2980 1719 3004 tenti.
