2632 3464
388 444 440 469 783
931 441 1156 468 AUCTAmUM
1175 440 1435 467 CHARTULARII
1456 441 1629 468 UNIVERS.
1652 441 1770 467 PARIS.
2266 442 2317 468 784

428 521 579 560 Magister
592 520 739 550 Nicolaus
754 521 791 549 de
807 519 1021 548 Monckedam.

427 570 577 610 Magister
592 570 750 599 Gerardus
767 568 933 598 Domheer.

426 619 578 659 Magister
590 619 748 648 Johannes
763 619 801 647 de
813 618 963 647 Zutlania.

426 669 578 708 Magister
595 668 751 697 Henricus
768 667 860 696 Wiit.

426 718 578 758 Magister
594 717 753 747 Johannes
766 717 804 745 de
822 715 1033 745 Francfordia.

426 767 577 807 Magister
592 766 785 796 Godscalcus
798 765 919 794 Vriese.

425 816 578 856 Magister
591 816 750 845 Gerardus
768 815 805 844 de
822 814 912 843 Eten.

425 866 575 905 Magister
590 865 746 894 Johannes
767 865 804 893 de
823 863 996 892 Dordraco.

426 915 577 954 Magister
594 914 748 943 Henricus
762 914 798 942 de
814 911 1044 942 Ghorrinchen.

425 964 576 1003 Magister
590 963 747 992 Johannes
762 963 800 991 de
818 962 972 1000 Asperen.

426 1014 464 1043 Et
477 1013 483 1031 ⁸
499 1013 676 1042 Willelmus
694 1012 769 1040 Bloc
790 1010 977 1050 supplicavit
990 1016 1129 1049 tempore
1143 1018 1295 1048 procura-

384 1063 463 1092 torIe
479 1061 650 1091 Franconis
669 1062 705 1089 de
727 1060 800 1089 Dels
816 1066 848 1089 ut
867 1065 974 1098 posset
989 1068 1058 1087 esse
1078 1068 1203 1097 regens,
1224 1057 1296 1096 quia

384 1112 491 1141 habuit
514 1113 552 1140 de
572 1110 711 1150 partibus
731 1119 811 1138 nova
833 1109 915 1148 quod
939 1108 1102 1147 oportebat
1123 1117 1245 1146 regere,
1263 1113 1296 1135 ut

384 1162 515 1195 dicebat,
542 1167 571 1189 et
598 1158 789 1198 supplicacio
816 1158 871 1187 fuit
895 1167 1059 1191 concessa,
1086 1156 1158 1195 quia
1183 1155 1296 1195 optulit

385 1211 505 1239 solvere
519 1209 630 1243 scolas,
648 1208 814 1237 dummodo
830 1207 919 1236 nacio
932 1207 963 1235 in
976 1212 1085 1245 postea
1100 1211 1217 1234 tantum
1234 1204 1294 1233 sibi

385 1259 586 1289 satisfaceret.

425 1309 516 1337 Facta
531 1307 779 1347 congregacione
793 1305 932 1334 nacionis
948 1304 1119 1344 Anglicane
1137 1303 1168 1332 in
1185 1303 1295 1332 crasti-

383 1368 423 1386 no
446 1357 526 1386 beati
550 1357 663 1386 Mathei
686 1357 768 1395 apud
791 1355 936 1384 Sanctum
954 1353 1242 1382 Maturinum'hora
1265 1352 1296 1379 3²

384 1414 455 1446 post
475 1407 633 1435 meridiem
652 1415 747 1444 super
766 1405 888 1433 duobus
910 1403 1060 1432 articulis.
1083 1402 1208 1431 Primus
1231 1407 1297 1430 erat

384 1457 421 1485 ad
446 1456 679 1485 deliberandum
712 1464 806 1493 super
830 1454 908 1482 sacto
934 1451 1076 1491 magistri
1106 1451 1234 1480 Henrici
1258 1451 1296 1479 de

384 1506 520 1535 Arnhem
531 1504 556 1539 ²,
582 1505 666 1544 quod
694 1510 763 1532 ante
792 1502 952 1531 meridiem
979 1507 1139 1530 tractatum
1169 1506 1234 1529 erat
1264 1499 1295 1528 in

385 1554 632 1594 congregacione
648 1552 869 1582 Universitatis
891 1561 948 1590 per
969 1550 1126 1579 dominum
1144 1555 1296 1578 rectorem

385 1605 416 1633 in
434 1605 539 1633 eadem
558 1604 649 1631 domo
667 1602 831 1635 celebrata,
853 1601 890 1629 de
913 1610 974 1639 quo
998 1606 1130 1638 protunc
1153 1609 1215 1627 non
1242 1597 1298 1627 fuit

385 1653 487 1682 habita
511 1651 687 1681 concordia.
713 1651 752 1679 Et
776 1650 847 1689 quia
873 1649 961 1678 nacio
986 1648 1157 1688 Anglicana
1186 1649 1216 1677 in
1245 1648 1297 1677 illa

386 1701 633 1742 congregacione
654 1699 872 1729 Universitatis
897 1698 1091 1732 deliberavit,
1114 1698 1197 1736 quod
1218 1699 1245 1726 si
1268 1703 1298 1726 et

385 1753 415 1781 in
432 1757 577 1791 quantum
594 1750 742 1789 magister
762 1748 916 1777 Henricus
937 1747 1031 1776 vellet
1052 1757 1086 1776 se
1102 1747 1295 1782 submittere,

386 1807 531 1840 quantum
554 1800 591 1828 ad
617 1799 667 1827 illa
689 1809 747 1837 que
767 1803 907 1837 spectant
929 1797 1028 1826 solum
1052 1797 1089 1825 ad
1112 1796 1298 1825 submissio-

385 1861 454 1879 nem
470 1848 535 1888 ejus
554 1849 722 1878 secundum
737 1846 988 1881 Universitatem,
1002 1846 1086 1884 quod
1101 1845 1297 1874 Universitas

385 1901 472 1928 daret
496 1898 556 1927 sibi
575 1896 764 1926 audienciam
785 1895 1095 1934 ad'respondendum
1121 1904 1215 1933 super
1237 1894 1298 1923 sibi

385 1947 514 1988 objectis
528 1953 557 1976 et
573 1945 745 1986 propositis
766 1957 772 1974 z
792 1945 861 1974 ideo
877 1945 1013 1973 restabat
1026 1950 1058 1972 ut
1072 1943 1161 1972 nacio
1180 1943 1299 1972 delibe-

385 2003 468 2026 raret
492 1997 522 2025 in
548 2006 620 2025 casu
644 2005 705 2034 quo
729 1995 865 2033 prefatus
889 1993 1037 2032 magister
1063 2003 1125 2021 non
1147 1992 1241 2021 vellet
1265 2002 1298 2021 se

386 2046 566 2075 submittere
583 2043 785 2073 Universitati
802 2044 893 2072 modo
910 2052 1004 2081 supra
1018 2048 1108 2076 tacto,
1119 2052 1156 2070 an
1172 2043 1300 2070 deberet

385 2095 523 2134 reputari
537 2094 676 2133 privatus
689 2093 736 2122 vel
753 2103 826 2121 non.

427 2145 466 2173 Et
481 2153 576 2182 super
594 2143 653 2171 isto
672 2148 759 2170 erant
777 2141 918 2180 magistri
938 2141 1064 2169 multum
1085 2140 1299 2179 sollempniter

387 2194 459 2233 (Ful.
481 2195 518 2222 43
533 2192 557 2231 l')
573 2191 753 2231 congregati
768 2201 866 2229 usque
880 2191 917 2218 ad
931 2199 1091 2218 numerum
1104 2189 1221 2218 XL1111
1238 2199 1297 2217 ma-

385 2243 555 2282 gistrorum
574 2241 736 2274 inclusive,
757 2238 843 2278 cujus
862 2239 981 2267 numeri
999 2238 1218 2278 magistrorum
1237 2249 1296 2266 una

386 2292 547 2325 medietas,
565 2289 684 2319 scilicet
701 2289 799 2323 xxll,
824 2287 1006 2316 deliberavit
1026 2288 1109 2326 quod
1134 2287 1206 2326 quia
1228 2294 1297 2316 ante

386 2340 545 2369 meridiem
561 2339 591 2368 in
610 2338 857 2377 congregacione
875 2337 1095 2365 Universitatis
1112 2346 1145 2365 se
1162 2336 1297 2365 Univer-

387 2389 469 2418 sitati
488 2388 667 2417 submittere
684 2387 819 2420 rennuit,
834 2392 926 2425 prout
939 2386 998 2414 sibi
1014 2386 1114 2415 visum
1130 2391 1206 2420 erat,
1226 2385 1296 2413 ideo

386 2439 532 2467 censebat
556 2437 656 2476 ipsum
684 2437 721 2464 ab
752 2435 960 2464 Universitate
990 2435 1173 2473 privandum
1204 2440 1233 2463 et
1259 2435 1297 2462 de

387 2488 465 2516 sacto
481 2487 634 2526 privatum
648 2496 707 2514 una
721 2495 788 2514 cum
808 2485 926 2513 duabus
945 2483 1139 2512 facultatibus
1154 2483 1298 2522 superio-

387 2537 485 2570 ribus,
502 2535 620 2564 scilicet
636 2534 790 2573 theologie
809 2539 838 2562 et
850 2534 1056 2567 decretorum,
1074 2542 1130 2561 nec
1143 2533 1295 2566 ammodo,

387 2592 419 2614 ut
437 2586 557 2613 dicebat
578 2585 635 2613 ista
656 2594 727 2623 pars
745 2584 874 2622 prefata,
893 2592 987 2620 super
1004 2581 1067 2610 illis
1089 2581 1148 2610 sibi
1168 2581 1199 2609 in
1218 2580 1298 2610 Uni-

386 2634 531 2663 versitate
548 2632 676 2671 objectis
691 2638 720 2661 et
733 2631 905 2671 propositis
923 2631 1062 2670 (propter
1077 2631 1224 2658 factorum
1240 2640 1297 2668 pro

387 2682 494 2721 majori
524 2688 610 2721 parte
646 2680 869 2719 notorietatem]
909 2681 946 2709 ab
977 2679 1186 2708 Universitate
1216 2685 1299 2707 esset

387 2732 556 2761 audiendus
569 2731 592 2759 ³.
624 2731 692 2760 Alia
717 2740 791 2759 vero
822 2729 983 2764 medietas,
1016 2739 1075 2767 que
1103 2727 1198 2756 eciam
1233 2734 1299 2756 erat

387 2791 514 2809 numero
554 2780 691 2809 XXIIrum
726 2778 956 2818 magistrorum,
993 2777 1175 2806 deliberavit
1215 2778 1298 2816 quod

386 2830 511 2858 omnino
538 2829 679 2868 apparuit
706 2828 765 2857 sibi
793 2828 876 2867 quod
902 2827 1050 2866 magister
1082 2826 1236 2854 Henricus
1267 2826 1297 2854 in

422 2944 442 2967 1.
476 2945 515 2966 Ea
525 2943 707 2975 paragraphus
716 2946 770 2966 tota
779 2942 921 2974 posteriore
935 2950 1011 2966 manu
1020 2941 1113 2965 addita
1126 2944 1172 2965 est.

419 2980 443 3002 2.
476 2979 536 3002 scil.
550 2979 664 3010 defucto
677 2979 808 3002 commisso
816 2987 863 3010 per
877 2978 958 3009 Ipsum
971 2981 1023 3002 tam
1040 2977 1066 3001 ιἰι
1084 2976 1296 3008 nationeAngllc.

1352 717 1368 743 5

1334 962 1367 987 10

1334 1208 1367 1233 15

1334 1454 1368 1479 20

1335 1700 1368 1726 25

1336 1945 1370 1970 30

1336 2190 1369 2214 35

1335 2435 1368 2460 40

1336 2681 1369 2707 45

1406 518 1655 557 congregacione
1668 517 1888 547 Universitatis
1906 518 2024 557 prefata
2037 519 2174 559 seipsum
2187 519 2319 550 Univer-

1407 566 1490 596 sitati
1511 566 1698 596 sufficienter
1725 567 1879 602 submisit,
1903 567 2035 597 dicendo
2066 569 2150 608 quod
2181 569 2324 608 plenarie

1406 615 1609 645 Universitati
1628 615 1803 645 submissus
1821 622 1905 645 esset
1926 622 1956 645 et
1980 618 2074 656 quod,
2099 617 2193 648 vellet
2209 619 2318 654 nollet,

1401 664 1651 704 jurisdictionem
1667 665 1748 694 illam
1771 675 1862 704 quam
1883 665 2079 696 Universitas
2097 666 2128 696 in
2147 667 2249 706 ipsum
2268 668 2322 698 vel

1406 714 1437 743 in
1473 715 1689 754 quodcumque
1723 714 1806 744 aliud
1837 713 1903 755 ejus
1935 715 2130 754 suppositum
2173 726 2324 747 exercere-

1405 769 1514 802 posset
1530 786 1537 798 ‚
1570 763 1786 803 subterfugere
1826 773 1888 793 non
1921 764 2052 794 valeret.
2091 765 2159 802 Quo
2203 772 2324 796 attento·

1404 812 1504 841 visum
1534 812 1590 842 suit
1621 812 1674 842 isti
1704 812 1785 852 parti
1817 823 1871 842 seu
1906 813 2062 843 medietati
2098 815 2320 854 magistrorum

1405 861 1524 890 numeri
1535 861 1658 901 prefati,
1674 863 1759 901 quod
1770 872 1865 901 super
1876 862 1936 892 sihi
1948 863 1979 891 in
1994 863 2203 893 Universitate
2218 864 2318 904 objec-

1404 910 1444 939 tis
1461 916 1490 939 et
1509 910 1681 950 propositis
1699 911 1871 940 audiendus
1890 918 1983 946 esset,
2003 918 2034 941 et
2052 914 2136 952 quod
2154 912 2325 943 Universi-

1404 965 1452 988 tas
1468 969 1563 998 super
1581 959 1643 988 illis
1658 970 1720 989 non
1741 966 1849 999 posset
1867 960 1926 989 sibi
1944 961 2175 991 racionabiliter
2189 963 2319 992 audien-

1406 1008 1482 1037 ciam
1501 1009 1666 1048 denegare,
1687 1015 1715 1038 et
1737 1009 1781 1038 sic
1806 1020 1868 1038 non
1895 1011 2042 1039 censebat
2062 1010 2164 1050 ipsum
2186 1019 2321 1051 protunc

1405 1057 1569 1096 privatum,
1591 1058 1647 1086 sed
1670 1057 1813 1097 primitus
1833 1058 1864 1087 in
1887 1059 2096 1089 Universitate
2121 1060 2319 1090 audiendum.

1406 1106 1536 1135 Dicebat
1553 1113 1654 1136 tamen
1670 1107 1726 1136 hec
1742 1108 1858 1146 prefata
1875 1118 1959 1147 pars,
1977 1109 2060 1147 quod
2078 1108 2104 1138 si
2122 1115 2152 1138 et
2171 1110 2202 1138 in
2220 1121 2323 1149 quan-

1405 1162 1468 1185 tum
1491 1166 1525 1184 se
1550 1155 1753 1185 Universitati
1778 1157 1959 1186 submittere
1979 1165 2148 1187 rennueret
2168 1158 2220 1188 illa
2243 1161 2325 1189 sub--

1405 1204 1565 1240 missione,
1583 1215 1643 1244 que
1658 1211 1706 1234 est
1721 1211 1866 1245 spectans
1882 1206 1920 1234 ad
1935 1206 2034 1235 forum
2050 1206 2271 1238 Universitatis
2286 1209 2320 1238 in

1405 1254 1514 1283 ordine
1530 1254 1568 1283 ad
1586 1264 1675 1283 suum
1687 1254 1797 1283 sactum
1811 1255 1848 1283 de
1865 1265 1927 1294 quo
1942 1256 2103 1294 agebatur,
2121 1258 2203 1296 quod
2217 1263 2322 1287 tamen·

1405 1313 1467 1332 non
1487 1304 1632 1332 credebat
1647 1309 1680 1332 ut
1697 1310 1781 1343 patet
1796 1313 1834 1332 ex
1850 1304 1998 1343 pretactis
2014 1317 2020 1333 :
2036 1304 2129 1334 vellet
2145 1312 2217 1335 tunc
2235 1308 2323 1346 quode

1405 1351 1601 1381 Universitas
1632 1362 1720 1382 suum
1749 1362 1931 1392 processum
1959 1354 2128 1383 secundum
2160 1355 2263 1384 stilum
2290 1362 2320 1385 et

1405 1402 1528 1430 modum
1547 1401 1579 1430 in
1594 1401 1708 1431 talibus
1724 1408 1904 1431 consuetum
1925 1409 2032 1432 contra
2051 1403 2153 1442 ipsum
2169 1404 2320 1434 elevatum

1406 1450 1600 1480 continuaret
1618 1457 1647 1480 et
1661 1452 1700 1480 ad
1715 1451 1816 1483 finem,
1835 1457 1868 1480 ut
1885 1452 2028 1481 decetero
2039 1462 2098 1492 pro
2113 1452 2231 1482 honore
2244 1453 2326 1483 Uni-

1405 1499 1574 1534 versitatis,
1587 1500 1764 1529 deduceret.

1446 1549 1494 1578 Ex
1516 1549 1586 1578 istis
1603 1555 1688 1588 patet
1709 1550 1793 1588 quod
1811 1559 1907 1589 super
1922 1550 2047 1579 materia
2069 1551 2180 1590 prefati
2197 1551 2324 1582 articuli

1405 1598 1494 1628 nacio
1510 1598 1555 1627 sic
1575 1598 1777 1637 solempniter
1797 1605 1986 1638 congregata
2001 1600 2103 1638 quoad
2117 1610 2188 1629 suas
2204 1601 2319 1630 delibe-

1406 1647 1548 1676 raciones
1560 1647 1685 1677 devenit
1699 1647 1731 1676 in
1747 1649 1823 1677 duas
1839 1648 2019 1677 medietates
2030 1648 2140 1678 divisa.
2157 1649 2322 1690 Quaprop-

1406 1703 1477 1736 pter
1492 1707 1528 1726 ex
1543 1696 1605 1726 illis
1621 1696 1904 1726 deliberacionibus
1918 1697 2031 1726 nullam
2046 1697 2134 1737 potui
2150 1698 2325 1728 conclusio-

1406 1756 1476 1775 nem
1492 1752 1664 1785 reportare,
1684 1752 1714 1775 et
1734 1746 1779 1775 sic
1802 1746 1890 1775 nacio
1905 1746 2054 1775 remansit
2069 1753 2098 1775 et
2114 1747 2199 1776 stetit
2214 1748 2245 1776 in
2265 1758 2320 1778 sua

1408 1795 1606 1824 conclusione
1619 1802 1649 1824 et
1665 1795 1806 1824 terminis
1824 1805 1919 1834 super
1933 1794 1987 1824 illo
2003 1796 2081 1825 sacto
2096 1796 2268 1835 prehabitis
2283 1807 2326 1827 eo·

1407 1845 1499 1874 modo
1513 1855 1573 1883 quo
1588 1845 1688 1884 prius.

1447 1894 1493 1922 2¹¹⁸
1509 1893 1656 1922 articulus
1676 1893 1858 1933 principalis
1881 1899 1947 1922 erat
1967 1903 2062 1932 super
2079 1894 2322 1933 supplicacioni-

1407 1943 1466 1972 bus
1482 1949 1511 1972 et
1526 1941 1660 1982 injuriis,
1681 1952 1776 1982 super
1788 1952 1850 1982 quo
1866 1942 1972 1978 nichil,
1990 1942 2063 1981 quia
2078 1943 2181 1972 nullus
2197 1944 2326 1983 suppli--

1408 1998 1499 2021 cavit.

1815 2044 1914 2074 1398

1408 2112 1497 2142 Acta
1530 2112 1566 2141 in
1603 2112 1865 2151 procuratoria
1908 2111 2079 2151 magistri
2113 2111 2326 2142 Franconis

1522 2163 1564 2190 de
1597 2161 1684 2190 Delf
1709 2160 1906 2190 licenciati
1936 2161 1972 2189 in
1999 2160 2197 2190 medicina.

1449 2238 1540 2266 Facta
1571 2237 1818 2277 congregacione
1856 2236 1996 2265 nacionis
2032 2235 2204 2275 Anglicane
2237 2238 2319 2276 apud

1408 2286 1552 2316 Sanctum
1565 2286 1719 2316 Julianum
1738 2296 1905 2325 pauperem
1923 2286 1954 2314 in
1965 2292 2071 2315 octava
2085 2285 2161 2314 hora
2175 2286 2212 2314 de
2231 2295 2326 2314 mane

1406 2335 1522 2364 XXllla
1537 2336 1586 2364 die
1602 2336 1717 2364 mensis
1734 2334 1926 2374 Septembris
1945 2344 2040 2374 super
2052 2334 2152 2363 tribus
2167 2334 2318 2363 articulis.

1407 2385 1531 2414 Primus
1552 2391 1599 2414 est
1620 2385 1657 2413 ad
1680 2385 1855 2424 eligendum
1875 2394 1987 2413 novum
2010 2389 2253 2422 procuratorem.
2274 2385 2323 2412 2¹¹⁸

1407 2441 1454 2463 est
1484 2435 1522 2463 ad
1547 2434 1731 2463 audiendum
1757 2439 1931 2472 compotum
1962 2432 2145 2471 recepturis.
2176 2433 2222 2461 3¹¹³
2254 2439 2320 2461 erat

1407 2494 1501 2522 super
1517 2483 1801 2522 supplicacionibus
1818 2489 1848 2511 et
1861 2481 1995 2521 injuriis.
2013 2481 2114 2520 Super
2125 2481 2227 2520 primo
2241 2481 2319 2510 elec-

1407 2539 1457 2561 tus
1479 2539 1543 2561 erat
1559 2532 1706 2571 magister
1730 2531 1849 2560 Franco
1877 2531 1914 2560 de
1938 2530 2011 2559 Dels
2028 2530 2060 2558 in
2086 2536 2320 2569 procuratorem

1407 2581 1546 2610 nacionis
1570 2581 1696 2620 prefate.
1723 2580 1825 2620 Super
1847 2580 1878 2608 2⁰
1904 2579 1975 2618 quia
1998 2585 2142 2618 receptor
2164 2579 2317 2608 modicum

1407 2637 1458 2659 aut
1470 2630 1565 2659 nichil
1578 2630 1722 2669 exposuit
1733 2629 1781 2658 vel
1795 2628 1924 2668 recepit,
1942 2628 2010 2657 ideo
2024 2627 2211 2657 distulerunt
2224 2628 2324 2667 magi--

1408 2679 1464 2708 stri
1483 2685 1658 2718 compotum
1681 2677 1758 2718 ejus,
1784 2678 1885 2716 Super
1909 2677 1940 2706 3⁰
1962 2676 2148 2715 supplicavit
2171 2676 2320 2716 magister

1408 2728 1563 2767 Nycolaus
1584 2729 1621 2756 de
1642 2727 1815 2756 Ghameren
1836 2727 2042 2766 predecessor
2061 2736 2158 2760 meus,
2174 2725 2319 2764 quatinus

1408 2778 1438 2806 in
1454 2777 1530 2806 actis
1546 2787 1603 2816 per
1623 2786 1690 2805 eum
1714 2776 1879 2804 haberetur
1895 2781 2012 2814 gratus,
2030 2780 2114 2803 ratus
2133 2781 2162 2803 et
2180 2781 2322 2803 avoatus-

1409 2827 1447 2855 Et
1465 2831 1638 2854 annuerunt
1653 2825 1793 2864 magistri
1812 2823 2036 2863 supplicacioni
2052 2822 2129 2862 ejus.

1408 2948 1485 2972 quam
1499 2940 1523 2963 in
1534 2939 1636 2963 duabus
1648 2939 1708 2962 aliis
1718 2939 1876 2967 nationibus,
1885 2938 1917 2962 de
1930 2946 1980 2969 quo
1991 2946 2079 2970 supra,
2093 2946 2120 2969 p.
2136 2939 2180 2961 765
2193 2946 2250 2969 sqq.

1437 2977 1461 2999 3.
1496 2975 1628 3007 Inlelligas
1639 2975 1775 2998 Heni-icus,
