2632 3464
295 454 348 482 869
799 453 913 481 LIBER
934 453 1247 480 PROCURATORUM
1267 453 1447 480 NATIONIS
1465 454 1711 481 ANGLICANAE
2171 457 2225 483 870

295 531 414 571 antiqui
443 531 630 571 receptoria,
658 530 712 570 qui
740 529 942 570 computavit,
973 535 1004 558 et
1029 529 1086 559 suit
1114 529 1203 558 nacio

295 580 423 611 multum
442 581 522 610 bene
537 585 681 611 contenta
696 580 735 609 de
752 578 805 609 tali
825 584 980 618 compoto,
999 584 1029 608 et
1045 577 1204 618 regracia-

294 629 386 659 batur
401 629 462 660 sibi
481 629 520 659 de
537 628 696 659 laboribus
713 627 838 664 habitis,
859 633 890 657 et
905 626 1096 667 supplicacio
1118 625 1200 666 ejus,

295 679 380 718 quod
399 678 565 708 haberetur
585 684 705 718 gratus,
724 683 850 707 avoatus
869 682 942 711 etc.‚
964 676 1020 706 fuit
1040 685 1200 705 concessa.

292 727 340 757 2·-
354 727 504 758 articulus
516 727 573 757 fuit
587 736 683 766 super
697 725 982 766 supplicat-,ionibus
997 725 1041 763 [et
1053 723 1200 764 injuriis].

294 774 356 806 Ubi
384 777 446 806 duo
474 775 642 806 bachalarii
673 775 927 815 supplicaverunt
953 774 1036 814 quod
1060 773 1203 803 admitte-

293 831 402 855 rentur
415 825 455 854 ad
466 825 626 855 nacionem
641 830 786 864 tanquam
801 823 980 858 bachalarii,
995 823 1068 862 quia
1084 823 1204 852 fuerant

293 873 365 903 sacti
388 873 556 904 bachalarii
585 873 727 904 Colonie.
754 872 794 903 Et
822 873 912 902 nacio
943 871 1069 902 admisit
1096 881 1202 901 eorum

295 922 555 962 supplicaciones,
583 922 749 953 dummodo
773 921 931 952 solverent
955 922 1068 951 bursas
1096 930 1202 950 eorum

294 971 375 1002 sicut
391 972 488 1001 moris
500 978 558 1002 est.

335 1019 391 1051 Isti
421 1025 494 1051 sunt
531 1020 584 1061 qui
617 1019 882 1060 supplicaverunt,
906 1018 1026 1049 scilicet
1059 1018 1202 1048 dominus

293 1069 478 1110 Amplonius
502 1069 606 1100 Toern
630 1069 669 1099 de
698 1068 896 1104 Creveldia¹‚
922 1069 1049 1108 dyoces.
1076 1067 1200 1103 Colon.‚

293 1117 380 1159 cuius
397 1119 494 1148 bursa
507 1125 625 1159 septem
641 1117 734 1148 solidi
747 1128 816 1148 cum
830 1118 848 1147 4
865 1117 1013 1147 denariis.

333 1168 379 1197 2¹·-
410 1167 568 1198 Johannes
597 1166 778 1202 Stommel²‚
809 1167 954 1206 dyocesis
985 1165 1200 1201 Coloniensis,

292 1215 381 1257 cujus
395 1217 490 1246 bursa
507 1222 627 1256 septem
642 1216 735 1246 solidi
751 1225 818 1246 cum
832 1216 851 1245 4
867 1215 1015 1245 denariis.

331 1266 365 1296 3·
390 1265 607 1296 determinavit
625 1265 760 1295 Jacobus
780 1264 849 1305 [de]
875 1265 1006 1304 Leydis,
1034 1263 1121 1304 cujus

291 1315 386 1345 bursa
404 1321 473 1344 octo
492 1314 598 1345 solidi.

331 1364 368 1394 4»
385 1363 602 1394 determinavit
616 1362 924 1393 dominus-lohannes
935 1363 974 1392 de
984 1362 1119 1399 Bueren,

292 1411 380 1453 cujus
394 1413 490 1442 bursa
503 1422 558 1442 sex
575 1412 679 1442 solidi.

332 1463 365 1492 5⁰
384 1461 600 1492 determinavit
625 1461 769 1491 dominus
789 1461 924 1491 Jacobus
952 1461 1121 1491 Hei-manni

291 1511 331 1540 de
345 1510 570 1547 Aemsterdam‚
587 1510 675 1551 cujus
690 1511 784 1540 bursa
799 1511 818 1540 3
836 1510 938 1540 solidi.

331 1561 364 1590 6⁰
382 1559 600 1590 determinavit
614 1559 706 1600 Hugo
720 1559 866 1590 Godfridi
880 1560 918 1589 de
934 1559 1015 1595 Delf,
1033 1558 1120 1599 cujus

290 1609 386 1639 bursa
400 1618 456 1639 sex
472 1608 576 1639 solidi.

331 1659 363 1688 7⁰
380 1657 597 1688 determinavit
607 1657 788 1687 Gherardus
797 1657 916 1693 Jacobi,
929 1656 1016 1698 cujus
1026 1659 1120 1688 bursa

291 1716 347 1736 sex
361 1706 464 1736 solidi.

329 1755 362 1786 8·
382 1755 599 1786 determinavit
620 1755 755 1786 Jacobus
774 1755 951 1786 Ysebrandi
973 1757 1031 1785 sub
1049 1757 1199 1796 magistro

290 1803 428 1835 Hem-ico
444 1805 483 1835 de
508 1804 648 1840 Xanctis,
680 1803 767 1846 cujus
794 1805 889 1834 bursa
919 1811 983 1834 tres
1009 1805 1100 1835 solidi
1130 1817 1198 1836 cum

289 1854 309 1884 4
326 1853 475 1884 denariis.

329 1904 362 1933 9·
383 1903 597 1933 determinavit
617 1903 762 1933 dominus
778 1902 968 1933 wilhelmus
987 1903 1139 1934 Johannis
1161 1905 1199 1934 de

291 1951 485 1982 Scoenbovia
505 1952 562 1981 sub
581 1952 730 1992 magistro
746 1951 883 1981 Henrico
902 1952 940 1981 de
955 1951 1094 1988 Xanctis,
1111 1952 1198 1993 cujus

290 2001 385 2031 bursa
402 2010 457 2030 sex
473 2000 546 2030 albi.

331 2050 381 2080 10⁰
399 2049 616 2079 determinavit
627 2049 771 2079 dominus
778 2049 967 2080 Wilhelmus
983 2050 1198 2090 Boudewynni

289 2099 348 2128 sub
359 2098 511 2138 magistro
522 2097 662 2128 Johanne
677 2099 715 2127 de
730 2097 910 2134 Daventria‚
929 2098 1016 2138 cujus
1031 2099 1125 2129 bursa
1139 2101 1155 2129 6
1169 2110 1195 2129 s.

330 2149 380 2177 11⁰
395 2147 611 2177 determinavit
625 2147 768 2177 dominus
783 2145 986 2177 Ysebrandus
999 2147 1124 2188 Mathye
1140 2150 1198 2179 sub

289 2196 438 2236 magistro
452 2195 623 2226 Wilhelmo
642 2195 730 2231 Elec,
749 2194 837 2235 cujus
853 2197 945 2226 bursa
961 2206 1016 2227 sex
1031 2196 1104 2227 albi.

329 2244 421 2275 Facta
447 2244 694 2285 congregacione
726 2245 807 2285 apud
839 2245 983 2275 Sanctum
1010 2246 1196 2276 Maturinum

288 2303 369 2324 anno
384 2304 446 2334 quo
462 2304 567 2334 supra,
581 2295 613 2324 6·
627 2294 677 2323 die
693 2293 810 2323 mensis
825 2294 983 2329 Octobris,
998 2294 1074 2324 hora
1089 2302 1197 2335 quarta

287 2349 360 2383 post
380 2343 556 2383 prandium,
576 2352 671 2382 super
690 2343 812 2373 duobus
830 2342 980 2373 articulis.
1001 2343 1124 2374 Primus
1143 2344 1198 2374 suit

287 2392 326 2422 ad
340 2392 545 2422 ordinandum
562 2401 657 2431 super
669 2391 850 2432 antiquitate
863 2392 1007 2432 regencie
1019 2402 1078 2432 pro
1093 2393 1197 2423 distri-

287 2441 420 2471 bucione
440 2441 593 2471 scolarum
613 2441 651 2470 ad
671 2441 839 2481 regendum
861 2441 892 2471 in
907 2441 977 2471 vico
997 2441 1195 2478 straminum,

288 2490 361 2530 quia
375 2490 500 2530 quidam
516 2488 685 2530 magister⁸
702 2489 790 2525 dixit,
807 2499 840 2519 se
853 2490 967 2520 debere
981 2490 1111 2530 preferri
1127 2490 1197 2521 aliis

288 2538 459 2579 magistris,
482 2539 535 2579 qui
556 2548 711 2578 nunquam
734 2545 879 2568 rexerant
900 2549 936 2568 ex
959 2548 1007 2575 eo,
1029 2540 1111 2579 quod
1132 2546 1198 2570 erat

288 2597 387 2618 novus
418 2588 567 2629 magister
600 2586 691 2628 hujus
726 2587 797 2617 anni
831 2588 1003 2628 presentis.
1033 2594 1063 2618 et
1095 2589 1196 2618 statim

287 2641 360 2677 post
380 2635 591 2677 incepcionem
610 2636 726 2666 lecture
749 2646 803 2666 sue
825 2636 893 2676 ipse
913 2637 1103 2667 continuavit
1125 2647 1197 2667 suas

288 2684 452 2721 lectiones;
473 2686 565 2715 modo
585 2685 662 2716 tales
679 2686 717 2715 de
738 2696 818 2715 novo
842 2686 1027 2726 incipientes
1049 2692 1079 2716 et
1096 2686 1198 2716 conti-

288 2740 418 2764 nuantes
442 2733 592 2765 lectiones
617 2745 689 2765 suas
711 2740 894 2775 reputantur
915 2741 1061 2775 regentes
1086 2747 1092 2764 ε
1121 2745 1196 2776 ergo

1160 1682 1190 1746 Sub
1171 1589 1201 1668 mag.
1161 1397 1191 1574 Hermanno
1161 1255 1192 1386 Ummen

319 2835 342 2860 l.
376 2835 531 2868 Amplontu·
550 2836 582 2860 de
597 2835 734 2861 Creveldia
748 2844 790 2860 un.
810 2836 870 2860 1397
883 2836 907 2860 iu
928 2836 1096 2861 Uniomitaee
1107 2836 1194 2861 Coton.

288 2869 434 2895 intitulatae
449 2874 487 2895 ent
503 2871 648 2904 (xxv-m,
663 2872 794 2901 nutu-inl,
805 2872 826 2901 ly
846 2872 894 2904 7³).
913 2873 975 2896 Cum
992 2880 1071 2905 capra
1094 2871 1198 2897 dicatur

287 2906 388 2931 beccel.
400 2906 502 2937 Coton„
513 2906 566 2939 ἔμε
574 2908 687 2939 somnae
696 2907 764 2931 aliua
775 2910 813 2932 ut
823 2915 855 2931 ae
867 2907 1038 2940 Aur-polonia·
1049 2907 1195 2932 deci-evet-

287 2941 331 2966 dia
348 2950 392 2966 an.
406 2943 467 2966 1³⁹9
479 2941 626 2967 intitulatus
641 2943 667 2967 in
687 2943 855 2968 vnio-nunu
869 2942 1032 2975 Ersorda’enu‘
1045 2943 1195 2975 (Wnanx-

287 2984 368 3007 noan,
378 2979 456 3002 Acten
471 2978 518 3002 der
528 2978 648 3004 Brenn-ter
656 2978 827 3007 Universitat.
842 2979 862 3008 1,
871 2981 901 3003 55
909 2979 962 3011 bl),
973 2982 997 3003 et
1009 2978 1077 3003 idem
1089 2987 1120 3003 ac
1133 2980 1195 3003 Am-

1240 973 1274 999 10

1239 1218 1273 1244 15

1238 1464 1272 1490 20

1237 1710 1270 1737 25

1235 1955 1270 1982 30

1234 2199 1268 2226 35

1234 2444 1268 2471 40

1234 2694 1268 2720 45

1311 528 1474 559 videbatur
1501 530 1561 559 sibi
1587 531 1670 570 quod
1694 531 1818 560 racione
1844 532 1988 571 regencie
2012 542 2067 561 sue
2090 533 2224 564 debebat

1311 578 1444 618 preferri
1469 579 1550 614 aliis,
1568 580 1620 619 qui
1648 590 1802 619 nunquam
1823 587 1967 609 rexerant
1988 581 2019 610 in
2039 582 2221 621 accipiendo

1312 627 1430 663 scolas,
1462 629 1534 668 quia
1562 629 1647 658 scole
1671 629 1782 658 dantur
1813 630 1980 658 secundum
2011 630 2221 669 antiquitatem

1311 677 1467 716 regeneie,
1489 687 1551 707 non
1570 678 1750 718 magisterii.
1776 678 1876 718 Super
1899 679 1959 707 isto
1982 679 2111 709 articulo
2131 681 2220 710 nacio

1311 725 1504 761 deliberavit,
1524 728 1607 766 quod
1626 727 1801 756 remittebat
1825 737 1858 756 se
1879 728 1918 756 ad
1939 727 2099 757 nacionem
2122 729 2221 758 Galli-

1311 784 1432 810 canam,
1452 781 1482 805 et
1504 777 1587 815 quod
1612 776 1643 805 in
1666 776 1726 806 isto
1749 776 1842 805 vellet
1862 786 1954 815 agere
1979 777 2059 806 sicut
2083 778 2222 816 predicta

1311 824 1409 853 nacio.
1428 824 1467 854 Et
1484 825 1554 854 ideo
1570 825 1647 854 facta
1661 825 1716 854 ruit
1729 825 1895 865 diligencia
1910 826 1948 854 ad
1964 826 2134 861 sciendum,
2147 827 2221 866 quid

1306 872 1466 913 judicabat
1482 873 1570 903 nacio
1586 873 1744 904 Gallicana
1759 874 1790 903 in
1807 874 1948 914 predicto
1964 884 2048 904 casu.
2065 874 2104 904 Et
2117 885 2221 914 reper-

1311 928 1373 951 tum
1391 929 1458 952 erat
1476 924 1559 962 quod
1579 923 1726 962 magister
1741 924 1779 953 de
1800 933 1881 953 novo
1899 923 2052 963 incipiens
2073 931 2103 953 et
2119 925 2221 954 conti-

1310 981 1409 1001 nuans
1428 971 1576 1001 lectiones
1596 982 1668 1002 suas
1690 978 1850 1012 reputatur
1876 982 1989 1012 regens
2012 979 2157 1012 quantum
2181 975 2220 1003 ad

1310 1030 1405 1060 posse
1421 1021 1495 1050 dare
1517 1020 1622 1050 literas
1642 1020 1865 1050 testimoniales
1889 1021 2062 1050 scolaribus
2087 1021 2164 1056 suis,
2192 1029 2223 1051 et

1311 1070 1412 1109 quoad
1428 1069 1502 1108 poni
1513 1069 1544 1098 in
1556 1069 1658 1099 rotulo
1675 1076 1818 1109 tanquam
1834 1080 1948 1109 regens
1958 1082 1965 1105 ;
1982 1070 2036 1100 sed
2052 1080 2114 1099 non
2128 1081 2217 1110 repu-

1311 1124 1392 1148 tatur
1408 1128 1522 1158 regcns
1544 1119 1646 1158 quoad
1662 1119 1918 1148 distribucionem
1937 1125 1988 1148 aut
2006 1119 2217 1158 provisionem

1311 1167 1480 1202 scolarum,
1506 1167 1546 1197 ita
1575 1168 1656 1207 quod
1683 1168 1771 1197 nacio
1799 1178 1862 1197 non
1884 1169 1936 1197 dat
1958 1167 2071 1197 talibus
2093 1168 2142 1198 vel
2166 1169 2219 1199 tali

1311 1217 1429 1252 scolas3
1460 1217 1529 1246 ideo
1560 1217 1591 1246 in
1625 1217 1780 1256 principio
1808 1216 1959 1246 ordinarii
1991 1217 2074 1246 scole
2106 1217 2216 1247 distri-

1310 1266 1446 1295 buuntur
1457 1265 1515 1295 sibi
1532 1266 1611 1295 sicut
1625 1265 1724 1301 alteri,
1741 1266 1794 1306 qui
1805 1276 1961 1305 nunquam
1974 1266 2064 1300 rexit,
2081 1272 2110 1295 et
2126 1267 2220 1297 stabit

1311 1315 1342 1344 in
1360 1315 1428 1344 loco
1446 1321 1477 1344 et
1492 1314 1602 1344 ordine
1615 1325 1671 1344 suo
1690 1316 1858 1344 secundum
1879 1315 2089 1354 antiquitatem
2102 1317 2219 1355 gradus

1311 1363 1358 1394 sui
1387 1370 1418 1393 et
1445 1364 1616 1403 magisterii
1646 1364 1677 1393 in
1712 1364 1841 1394 artibus.
1871 1363 1957 1394 Istud
1984 1374 2041 1403 ego
2070 1365 2161 1394 retuli
2186 1365 2216 1396 iu

1310 1413 1449 1447 nacione,
1467 1419 1496 1442 et
1514 1413 1628 1452 placuit
1640 1413 1762 1442 nacioni
1777 1413 1861 1452 quod
1879 1413 1923 1442 sic
1938 1413 2035 1442 fieret.

1349 1463 1395 1491 2¹¹⁸
1438 1462 1586 1491 articulus
1628 1468 1693 1491 erat
1730 1472 1825 1501 super
1861 1462 2146 1501 supplicacionibus
2186 1470 2216 1493 et

1310 1510 1442 1550 injuriis.
1475 1511 1536 1541 Ubi
1567 1511 1753 1551 supplicavit
1783 1511 1931 1551 magister
1960 1511 2149 1541 wilhelmus
2179 1513 2219 1542 de

1309 1560 1414 1590 Monte
1442 1559 1552 1590 Sancte
1581 1559 1786 1590 Gheertrudis
1812 1560 1895 1599 quod
1925 1560 2012 1589 nacio
2040 1561 2215 1595 admitteret

1309 1610 1410 1649 ipsum
1427 1616 1571 1649 tanquam
1598 1615 1756 1648 regentem
1778 1615 1808 1639 et
1835 1609 1923 1638 daret
1947 1609 2007 1638 sibi
2031 1610 2143 1639 scolas.
2173 1610 2217 1640 lta

1309 1668 1490 1688 concessum
1519 1665 1576 1688 est.
1605 1659 1637 1687 2⁰
1665 1658 1852 1698 supplicavit
1882 1658 2030 1698 magister
2059 1658 2216 1689 Johannes

1309 1707 1406 1747 Reys,
1423 1708 1507 1747 quod
1518 1707 1589 1737 licet
1599 1707 1854 1747 supplica[ve]rat
1870 1717 1929 1747 pro
1940 1707 2095 1747 regencia,
2115 1714 2215 1738 tamen

1309 1763 1438 1796 propter
1447 1767 1526 1786 nova
1541 1762 1688 1796 percepta
1703 1756 1900 1796 supplicavit,
1916 1757 1998 1796 quod
2014 1757 2102 1786 nacio
2114 1757 2216 1787 absol·

1307 1811 1394 1836 veret
1406 1806 1507 1846 ipsum
1518 1811 1548 1835 et
1558 1815 1645 1835 suum
1659 1804 1872 1844 fidejussorem
1883 1806 1920 1834 ab
1934 1805 2129 1845 obligacione
2142 1812 2215 1841 etc.‚

1308 1855 1379 1895 quia
1411 1865 1472 1884 non
1506 1855 1684 1884 intendebat
1712 1864 1832 1894 regere.
1863 1854 1907 1883 lta
1937 1864 2119 1884 concessum
2147 1855 2213 1884 suit.

1307 1905 1340 1933 3⁰
1358 1903 1544 1943 supplicavit
1563 1903 1706 1933 dominus
1727 1903 1858 1932 Mathias
1877 1903 2118 1941 sub[b]edellus.
2141 1904 2213 1943 quia

1307 1952 1438 1982 habebat
1457 1962 1578 1982 causam
1603 1953 1809 1982 necessariam
1830 1952 1995 1981 recedendi
2020 1963 2036 1981 a
2060 1952 2213 1988 Parisius‚

1307 2002 1390 2041 quod
1406 2002 1494 2031 nacio
1515 2001 1608 2031 vellet
1628 2001 1687 2030 sibi
1707 2002 1780 2030 dare
1800 2001 1958 2030 licenciam
1977 2002 2142 2030 recedendi
2157 2012 2216 2041 per

1306 2050 1493 2090 aliquantum
1508 2050 1668 2090 temporis.
1686 2049 1780 2079 Nacio
1796 2049 1951 2079 concessit
1964 2049 2024 2079 sibi
2038 2056 2067 2079 et
2084 2050 2214 2080 Bomon-

1307 2099 1365 2128 dus
1380 2105 1505 2138 gereret
1515 2099 1601 2128 vices
1617 2109 1700 2128 suas.

1347 2148 1419 2187 (ΡΜ.
1456 2150 1493 2178 72
1507 2148 1530 2187 δ)
1560 2148 1650 2177 Facta
1678 2147 1924 2187 congregacione
1955 2148 2035 2186 apud
2069 2147 2212 2177 Sanctum

1306 2196 1493 2226 Maturinum
1508 2207 1588 2226 anno
1603 2207 1664 2236 quo
1680 2206 1786 2235 supra,
1798 2197 1844 2226 8ss
1859 2197 1908 2225 die
1926 2196 2041 2225 mensis
2053 2197 2212 2231 Octobris,

1307 2245 1380 2275 bora
1399 2246 1430 2274 3·
1446 2251 1518 2285 post
1536 2245 1697 2284 prandium
1719 2255 1813 2284 super
1829 2246 1950 2275 duobus
1971 2245 2120 2275 articulis.
2142 2245 2215 2275 Pri-

1306 2305 1374 2324 mus
1395 2300 1461 2324 erat
1481 2295 1519 2324 ad
1540 2301 1714 2334 requestam
1740 2294 1879 2333 magistri
1902 2293 2054 2323 Conrardi
2075 2294 2211 2329 Lubeck,

1305 2343 1377 2383 quia
1394 2353 1431 2373 ex
1448 2343 1581 2373 consilio
1596 2343 1762 2373 amicorum
1783 2353 1908 2372 suorum
1927 2342 1986 2372 sibi
2008 2343 2063 2372 suit
2085 2343 2214 2372 consul-

1305 2398 1380 2427 tum,
1390 2393 1473 2432 quod
1489 2392 1549 2422 isto
1563 2402 1645 2421 anno
1657 2392 1795 2432 presenti
1809 2398 1933 2431 regeret
1945 2398 1973 2421 et
1988 2392 2070 2431 quod
2086 2392 2212 2422 haberet

1306 2441 1407 2471 scolas
1429 2452 1446 2470 a
1463 2441 1590 2470 nacione
1611 2441 1739 2470 Francie
1758 2451 1815 2480 pro
1840 2441 1907 2470 loco
1930 2441 2021 2470 unius
2037 2441 2176 2480 magistri
2187 2440 2211 2478 ⁴,

1306 2491 1358 2530 qui
1383 2496 1557 2520 recesserat
1578 2490 1748 2519 Ανίνιίοηειη
1773 2501 1837 2518 cum
1867 2492 1961 2518 rotulo
1993 2491 2211 2525 Una'oersieaas,

1306 2539 1375 2569 ideo
1393 2538 1578 2579 supplicavit
1598 2539 1628 2568 in
1652 2539 1779 2568 nacione
1799 2539 1880 2578 quod
1900 2538 1987 2567 nacio
2003 2538 2094 2567 vellet
2110 2539 2211 2578 ipsum

1305 2588 1445 2628 accipere
1471 2597 1529 2627 pro
1554 2593 1681 2627 regente
1705 2594 1735 2617 et
1764 2597 1879 2627 ponere
1907 2587 2006 2626 ipsum
2033 2587 2062 2616 in
2093 2587 2160 2616 loco
2183 2593 2213 2617 et

1305 2637 1414 2666 ordine
1441 2647 1497 2666 suo
1519 2637 1598 2666 sicut
1623 2636 1830 2676 supplicasset
1852 2636 1882 2665 in
1910 2636 1959 2665 die
1986 2636 2064 2665 beati
2085 2635 2210 2671 Mathei‚

1306 2685 1386 2715 sicut
1413 2686 1508 2715 moris
1539 2692 1586 2715 est
1613 2685 1799 2725 supplicare,
1825 2685 1896 2724 quia
1916 2691 1986 2714 tunc
2016 2694 2077 2714 non
2106 2684 2211 2715 habuit

1305 2734 1510 2764 intencionem
1528 2734 1669 2774 regendi,
1689 2734 1744 2764 sed
1761 2740 1867 2773 postea
1881 2740 1993 2763 mutata
2007 2733 2062 2763 suit
2076 2733 2211 2763 intencio

1305 2837 1420 2869 plonius,
1431 2836 1577 2861 intitulata«
1591 2839 1618 2860 ut
1633 2835 1729 2859 baccal.
1743 2836 1767 2859 in
1782 2839 1831 2859 art.
1846 2836 1870 2858 ia
1885 2835 2052 2860 saiva-nitate
2065 2835 2208 2860 Heidelber-

1301 2873 1377 2905 gemi
1390 2873 1493 2896 amum
1508 2872 1638 2903 (Tora-xz.
1653 2871 1782 2899 Matrike¹‚
1797 2872 1816 2899 Ι,
1830 2872 1868 2901 82,
1888 2871 1922 2902 2).

1335 2910 1358 2932 2.
1393 2910 1440 2932 seu
1454 2907 1485 2932 de
1498 2907 1616 2938 Colonia,
1629 2907 1672 2930 ube·
1686 2915 1729 2930 an.
1742 2907 1802 2930 1³99
1814 2906 1960 2930 incitatam·
1970 2906 2115 2938 (uuonan,
2130 2907 2149 2933 Ι.
2160 2908 2209 2938 80).

1335 2945 1358 2969 ³.
1391 2944 1525 2967 Johnnne·
1538 2943 1570 2966 de
1587 2942 1719 2969 Arnbeim.
1734 2942 1773 2966 ve!
1786 2942 1890 2966 ulricu-
1904 2942 1982 2966 Stolz.

1336 2980 1359 3003 b.
1392 2979 1493 3003 Scilicet
1510 2978 1632 3002 Matthaei
1647 2978 1754 3003 Roeder.

2222 35 2229 44 δ
2321 36 2323 38 “
2382 43 2384 45 .
