<?xml version="1.0" encoding="UTF-8"?>
<!DOCTYPE html PUBLIC "-//W3C//DTD XHTML 1.0 Transitional//EN"
    "http://www.w3.org/TR/xhtml1/DTD/xhtml1-transitional.dtd">
<html xmlns="http://www.w3.org/1999/xhtml" xml:lang="en" lang="en">
 <head>
  <title>
</title>
<meta http-equiv="Content-Type" content="text/html;charset=utf-8" />
  <meta name='ocr-system' content='tesseract 3.04.00' />
  <meta name='ocr-capabilities' content='ocr_page ocr_carea ocr_par ocr_line ocrx_word'/>
</head>
<body>
  <div class='ocr_page' id='page_1' title='image "auctariumchartul01univuoft_0072.png"; bbox 0 0 2632 3464; ppageno 0'>
   <div class='ocr_carea' id='block_1_1' title="bbox 2541 0 2632 256">
    <p class='ocr_par' dir='ltr' id='par_1_1' title="bbox 2541 0 2632 256">
     <span class='ocr_line' id='line_1_1' title="bbox 2541 0 2632 256; baseline 0 3208"><span class='ocrx_word' id='word_1_1' title='bbox 2541 0 2632 256; x_wconf 95' lang='lat' dir='ltr'> </span> 
     </span>
    </p>
   </div>
   <div class='ocr_carea' id='block_1_2' title="bbox 430 410 1533 437">
    <p class='ocr_par' dir='ltr' id='par_1_2' title="bbox 430 410 1533 437">
     <span class='ocr_line' id='line_1_2' title="bbox 430 410 1533 437; baseline 0.002 -2"><span class='ocrx_word' id='word_1_2' title='bbox 430 419 492 435; x_wconf 74' lang='lat' dir='ltr'><strong>wa</strong></span> <span class='ocrx_word' id='word_1_3' title='bbox 1269 410 1533 437; x_wconf 72' lang='lat' dir='ltr'><strong>INTRODUCTIO</strong></span> 
     </span>
    </p>
   </div>
   <div class='ocr_carea' id='block_1_3' title="bbox 228 486 2632 2692">
    <p class='ocr_par' dir='ltr' id='par_1_3' title="bbox 228 486 2632 2692">
     <span class='ocr_line' id='line_1_3' title="bbox 437 486 2355 538; baseline 0.002 -17"><span class='ocrx_word' id='word_1_4' title='bbox 437 492 695 533; x_wconf 86' lang='lat' dir='ltr'>agnoverunt;</span> <span class='ocrx_word' id='word_1_5' title='bbox 723 486 843 534; x_wconf 89' lang='lat' dir='ltr'>major</span> <span class='ocrx_word' id='word_1_6' title='bbox 865 498 956 522; x_wconf 89' lang='lat' dir='ltr'>vero</span> <span class='ocrx_word' id='word_1_7' title='bbox 978 499 1067 535; x_wconf 89' lang='lat' dir='ltr'>pars</span> <span class='ocrx_word' id='word_1_8' title='bbox 1086 486 1386 522; x_wconf 89' lang='lat' dir='ltr'>Alemannorum</span> <span class='ocrx_word' id='word_1_9' title='bbox 1410 487 1449 522; x_wconf 91' lang='lat' dir='ltr'>in</span> <span class='ocrx_word' id='word_1_10' title='bbox 1473 487 1629 523; x_wconf 84' lang='lat' dir='ltr'>natione</span> <span class='ocrx_word' id='word_1_11' title='bbox 1650 486 1863 537; x_wconf 88' lang='lat' dir='ltr'>Anglicana</span> <span class='ocrx_word' id='word_1_12' title='bbox 1883 495 1972 536; x_wconf 86' lang='lat' dir='ltr'>post</span> <span class='ocrx_word' id='word_1_13' title='bbox 1995 500 2056 523; x_wconf 87' lang='lat' dir='ltr'>an.</span> <span class='ocrx_word' id='word_1_14' title='bbox 2087 488 2194 531; x_wconf 82' lang='lat'>1379,</span> <span class='ocrx_word' id='word_1_15' title='bbox 2217 489 2355 538; x_wconf 70' lang='lat' dir='ltr'>Api-it,</span> 
     </span>
     <span class='ocr_line' id='line_1_4' title="bbox 437 554 2632 609; baseline 0.001 -17"><span class='ocrx_word' id='word_1_16' title='bbox 437 556 633 592; x_wconf 86' lang='lat' dir='ltr'>Urbanum</span> <span class='ocrx_word' id='word_1_17' title='bbox 658 557 703 593; x_wconf 93' lang='lat' dir='ltr'>Vl</span> <span class='ocrx_word' id='word_1_18' title='bbox 725 568 794 605; x_wconf 87' lang='lat' dir='ltr'>pro</span> <span class='ocrx_word' id='word_1_19' title='bbox 811 568 903 592; x_wconf 87' lang='lat' dir='ltr'>vero</span> <span class='ocrx_word' id='word_1_20' title='bbox 916 569 1014 605; x_wconf 89' lang='lat' dir='ltr'>papa</span> <span class='ocrx_word' id='word_1_21' title='bbox 1034 556 1168 592; x_wconf 88' lang='lat' dir='ltr'>habuit</span> <span class='ocrx_word' id='word_1_22' title='bbox 1182 556 1242 592; x_wconf 93' lang='lat' dir='ltr'>vel</span> <span class='ocrx_word' id='word_1_23' title='bbox 1258 555 1394 591; x_wconf 89' lang='lat' dir='ltr'>saltem</span> <span class='ocrx_word' id='word_1_24' title='bbox 1410 568 1487 591; x_wconf 90' lang='lat' dir='ltr'>non</span> <span class='ocrx_word' id='word_1_25' title='bbox 1501 554 1548 591; x_wconf 86' lang='lat' dir='ltr'>ad</span> <span class='ocrx_word' id='word_1_26' title='bbox 1563 555 1800 593; x_wconf 82' lang='lat' dir='ltr'><strong>Clementem</strong></span> <span class='ocrx_word' id='word_1_27' title='bbox 1816 556 2028 593; x_wconf 89' lang='lat' dir='ltr'>inclinavit.</span> <span class='ocrx_word' id='word_1_28' title='bbox 2048 557 2252 604; x_wconf 87' lang='lat' dir='ltr'>Quomodo</span> <span class='ocrx_word' id='word_1_29' title='bbox 2270 571 2364 608; x_wconf 83' lang='lat' dir='ltr'>ergo</span> <span class='ocrx_word' id='word_1_30' title='bbox 2625 603 2632 609; x_wconf 17' lang='grc' dir='ltr'>ι,</span> 
     </span>
     <span class='ocr_line' id='line_1_5' title="bbox 436 625 2632 677; baseline 0.002 -17"><span class='ocrx_word' id='word_1_31' title='bbox 436 627 543 661; x_wconf 79' lang='lat' dir='ltr'>natio</span> <span class='ocrx_word' id='word_1_32' title='bbox 564 627 602 660; x_wconf 94' lang='lat' dir='ltr'>in</span> <span class='ocrx_word' id='word_1_33' title='bbox 622 626 768 661; x_wconf 80' lang='lat' dir='ltr'><strong>neutris</strong></span> <span class='ocrx_word' id='word_1_34' title='bbox 783 625 958 674; x_wconf 88' lang='lat' dir='ltr'>partibus</span> <span class='ocrx_word' id='word_1_35' title='bbox 976 638 1171 662; x_wconf 88' lang='lat' dir='ltr'>remanere</span> <span class='ocrx_word' id='word_1_36' title='bbox 1182 654 1189 668; x_wconf 91' lang='lat'>,</span> <span class='ocrx_word' id='word_1_37' title='bbox 1206 632 1340 661; x_wconf 86' lang='lat' dir='ltr'>contra</span> <span class='ocrx_word' id='word_1_38' title='bbox 1355 625 1592 662; x_wconf 84' lang='lat' dir='ltr'>Clementem</span> <span class='ocrx_word' id='word_1_39' title='bbox 1609 627 1772 675; x_wconf 81' lang='lat' dir='ltr'>agitare,</span> <span class='ocrx_word' id='word_1_40' title='bbox 1790 639 1922 663; x_wconf 86' lang='lat' dir='ltr'>rursus</span> <span class='ocrx_word' id='word_1_41' title='bbox 1943 626 2131 664; x_wconf 86' lang='lat' dir='ltr'>Clementi</span> <span class='ocrx_word' id='word_1_42' title='bbox 2148 634 2362 677; x_wconf 79' lang='lat' dir='ltr'>posteaque</span> <span class='ocrx_word' id='word_1_43' title='bbox 2622 628 2632 673; x_wconf 49' lang='lat' dir='ltr'>J]-</span> 
     </span>
     <span class='ocr_line' id='line_1_6' title="bbox 440 694 1344 743; baseline -0.002 -12"><span class='ocrx_word' id='word_1_44' title='bbox 440 694 594 731; x_wconf 88' lang='lat' dir='ltr'>Urbano</span> <span class='ocrx_word' id='word_1_45' title='bbox 611 695 671 731; x_wconf 92' lang='lat' dir='ltr'>vel</span> <span class='ocrx_word' id='word_1_46' title='bbox 689 695 884 731; x_wconf 88' lang='lat' dir='ltr'>Bonifacio</span> <span class='ocrx_word' id='word_1_47' title='bbox 901 696 950 731; x_wconf 91' lang='lat' dir='ltr'>lX</span> <span class='ocrx_word' id='word_1_48' title='bbox 967 694 1173 731; x_wconf 86' lang='lat' dir='ltr'>adhaerere</span> <span class='ocrx_word' id='word_1_49' title='bbox 1191 695 1344 743; x_wconf 83' lang='lat' dir='ltr'>potuit?</span> 
     </span>
     <span class='ocr_line' id='line_1_7' title="bbox 489 764 2360 814; baseline 0.001 -14"><span class='ocrx_word' id='word_1_50' title='bbox 489 765 537 800; x_wconf 92' lang='lat' dir='ltr'>Ut</span> <span class='ocrx_word' id='word_1_51' title='bbox 567 764 640 800; x_wconf 93' lang='lat' dir='ltr'>hoc</span> <span class='ocrx_word' id='word_1_52' title='bbox 666 764 903 813; x_wconf 86' lang='lat' dir='ltr'>intelligatur</span> <span class='ocrx_word' id='word_1_53' title='bbox 935 764 1133 800; x_wconf 87' lang='lat' dir='ltr'>sciendum</span> <span class='ocrx_word' id='word_1_54' title='bbox 1155 772 1228 806; x_wconf 90' lang='lat' dir='ltr'>est,</span> <span class='ocrx_word' id='word_1_55' title='bbox 1260 765 1442 813; x_wconf 89' lang='lat' dir='ltr'>majorem</span> <span class='ocrx_word' id='word_1_56' title='bbox 1470 771 1619 814; x_wconf 89' lang='lat' dir='ltr'>partem</span> <span class='ocrx_word' id='word_1_57' title='bbox 1640 765 1686 800; x_wconf 90' lang='lat' dir='ltr'>in·</span> <span class='ocrx_word' id='word_1_58' title='bbox 1712 766 1868 802; x_wconf 87' lang='lat' dir='ltr'>natione</span> <span class='ocrx_word' id='word_1_59' title='bbox 1897 772 2134 802; x_wconf 87' lang='lat' dir='ltr'>momentum</span> <span class='ocrx_word' id='word_1_60' title='bbox 2160 765 2360 802; x_wconf 86' lang='lat' dir='ltr'>habuisse.</span> 
     </span>
     <span class='ocr_line' id='line_1_8' title="bbox 442 832 2632 884; baseline 0 -15"><span class='ocrx_word' id='word_1_61' title='bbox 442 835 564 882; x_wconf 86' lang='lat' dir='ltr'>Saepe</span> <span class='ocrx_word' id='word_1_62' title='bbox 581 835 618 869; x_wconf 94' lang='lat' dir='ltr'>in</span> <span class='ocrx_word' id='word_1_63' title='bbox 640 833 738 870; x_wconf 89' lang='lat' dir='ltr'>libro</span> <span class='ocrx_word' id='word_1_64' title='bbox 757 835 1015 883; x_wconf 86' lang='lat' dir='ltr'>procuratoris</span> <span class='ocrx_word' id='word_1_65' title='bbox 1030 833 1102 869; x_wconf 89' lang='lat' dir='ltr'>hoc</span> <span class='ocrx_word' id='word_1_66' title='bbox 1126 832 1329 873; x_wconf 88' lang='lat' dir='ltr'>indicatur,</span> <span class='ocrx_word' id='word_1_67' title='bbox 1353 841 1392 870; x_wconf 89' lang='lat' dir='ltr'>et</span> <span class='ocrx_word' id='word_1_68' title='bbox 1416 833 1486 869; x_wconf 88' lang='lat' dir='ltr'>hac</span> <span class='ocrx_word' id='word_1_69' title='bbox 1512 840 1742 883; x_wconf 79' lang='lat' dir='ltr'>tempestate</span> <span class='ocrx_word' id='word_1_70' title='bbox 1765 834 1934 871; x_wconf 81' lang='lat' dir='ltr'>dilucide</span> <span class='ocrx_word' id='word_1_71' title='bbox 1953 835 2180 884; x_wconf 83' lang='lat' dir='ltr'>exprimitur</span> <span class='ocrx_word' id='word_1_72' title='bbox 2207 848 2215 870; x_wconf 91' lang='lat'>:</span> <span class='ocrx_word' id='word_1_73' title='bbox 2249 848 2267 870; x_wconf 74' lang='lat' dir='ltr'>&lt;t</span> <span class='ocrx_word' id='word_1_74' title='bbox 2296 847 2365 884; x_wconf 89' lang='lat' dir='ltr'>per</span> <span class='ocrx_word' id='word_1_75' title='bbox 2618 834 2632 875; x_wconf 66' lang='grc' dir='ltr'><em>ξ</em></span> 
     </span>
     <span class='ocr_line' id='line_1_9' title="bbox 438 903 2632 954; baseline 0.001 -16"><span class='ocrx_word' id='word_1_76' title='bbox 438 903 627 951; x_wconf 80' lang='lat' dir='ltr'>majorem</span> <span class='ocrx_word' id='word_1_77' title='bbox 648 911 795 952; x_wconf 89' lang='lat' dir='ltr'>partem</span> <span class='ocrx_word' id='word_1_78' title='bbox 810 904 991 946; x_wconf 88' lang='lat' dir='ltr'>nationis,</span> <span class='ocrx_word' id='word_1_79' title='bbox 1014 912 1048 939; x_wconf 80' lang='lat' dir='ltr'>et</span> <span class='ocrx_word' id='word_1_80' title='bbox 1055 916 1129 951; x_wconf 80' lang='lat' dir='ltr'>per</span> <span class='ocrx_word' id='word_1_81' title='bbox 1147 915 1379 951; x_wconf 78' lang='lat' dir='ltr'>consequens</span> <span class='ocrx_word' id='word_1_82' title='bbox 1395 916 1443 938; x_wconf 74' lang='lat' dir='ltr'>ea:</span> <span class='ocrx_word' id='word_1_83' title='bbox 1460 911 1537 939; x_wconf 84' lang='lat' dir='ltr'>tota</span> <span class='ocrx_word' id='word_1_84' title='bbox 1553 905 1705 939; x_wconf 80' lang='lat' dir='ltr'>natione</span> <span class='ocrx_word' id='word_1_85' title='bbox 1729 903 1952 940; x_wconf 72' lang='lat' dir='ltr'>conclusum</span> <span class='ocrx_word' id='word_1_86' title='bbox 1969 905 2182 951; x_wconf 55' lang='lat'>»›(651‚10).</span> <span class='ocrx_word' id='word_1_87' title='bbox 2205 918 2222 939; x_wconf 74' lang='grc' dir='ltr'>α</span> <span class='ocrx_word' id='word_1_88' title='bbox 2243 904 2364 952; x_wconf 87' lang='lat' dir='ltr'>Major</span> <span class='ocrx_word' id='word_1_89' title='bbox 2626 950 2632 954; x_wconf 74' lang='lat'>‚</span> 
     </span>
     <span class='ocr_line' id='line_1_10' title="bbox 442 957 2632 1031; baseline 0.001 -23"><span class='ocrx_word' id='word_1_90' title='bbox 442 986 531 1021; x_wconf 90' lang='lat' dir='ltr'>pars</span> <span class='ocrx_word' id='word_1_91' title='bbox 554 974 720 1009; x_wconf 89' lang='lat' dir='ltr'>nationis</span> <span class='ocrx_word' id='word_1_92' title='bbox 745 986 813 1022; x_wconf 92' lang='lat' dir='ltr'>per</span> <span class='ocrx_word' id='word_1_93' title='bbox 835 972 990 1009; x_wconf 92' lang='lat' dir='ltr'>modum</span> <span class='ocrx_word' id='word_1_94' title='bbox 1011 973 1177 1008; x_wconf 89' lang='lat' dir='ltr'>nationis</span> <span class='ocrx_word' id='word_1_95' title='bbox 1200 986 1216 1007; x_wconf 74' lang='lat' dir='ltr'>n</span> <span class='ocrx_word' id='word_1_96' title='bbox 1242 973 1414 1019; x_wconf 81' lang='lat'>(781,15).</span> <span class='ocrx_word' id='word_1_97' title='bbox 1439 974 1480 1008; x_wconf 92' lang='lat' dir='ltr'>In</span> <span class='ocrx_word' id='word_1_98' title='bbox 1501 972 1576 1008; x_wconf 90' lang='lat' dir='ltr'>illis</span> <span class='ocrx_word' id='word_1_99' title='bbox 1597 972 1766 1017; x_wconf 87' lang='lat' dir='ltr'>casibus,</span> <span class='ocrx_word' id='word_1_100' title='bbox 1793 974 1832 1008; x_wconf 92' lang='lat' dir='ltr'>in</span> <span class='ocrx_word' id='word_1_101' title='bbox 1855 973 1996 1022; x_wconf 90' lang='lat' dir='ltr'>quibus</span> <span class='ocrx_word' id='word_1_102' title='bbox 2020 974 2125 1010; x_wconf 83' lang='lat' dir='ltr'>natio</span> <span class='ocrx_word' id='word_1_103' title='bbox 2144 973 2363 1022; x_wconf 84' lang='lat' dir='ltr'>Anglicana</span> <span class='ocrx_word' id='word_1_104' title='bbox 2623 957 2632 1031; x_wconf 66' lang='grc' dir='ltr'>Ξ</span> 
     </span>
     <span class='ocr_line' id='line_1_11' title="bbox 441 1033 2632 1092; baseline 0 -14"><span class='ocrx_word' id='word_1_105' title='bbox 441 1049 530 1091; x_wconf 88' lang='lat' dir='ltr'>post</span> <span class='ocrx_word' id='word_1_106' title='bbox 547 1055 604 1077; x_wconf 90' lang='lat' dir='ltr'>an.</span> <span class='ocrx_word' id='word_1_107' title='bbox 630 1042 736 1084; x_wconf 84' lang='lat'>1379,</span> <span class='ocrx_word' id='word_1_108' title='bbox 756 1042 857 1083; x_wconf 90' lang='lat' dir='ltr'>Maii,</span> <span class='ocrx_word' id='word_1_109' title='bbox 881 1042 918 1077; x_wconf 91' lang='lat' dir='ltr'>in</span> <span class='ocrx_word' id='word_1_110' title='bbox 938 1042 1084 1077; x_wconf 85' lang='lat' dir='ltr'>neutris</span> <span class='ocrx_word' id='word_1_111' title='bbox 1101 1041 1288 1090; x_wconf 85' lang='lat' dir='ltr'>partibus,</span> <span class='ocrx_word' id='word_1_112' title='bbox 1309 1041 1370 1077; x_wconf 91' lang='lat' dir='ltr'>vel</span> <span class='ocrx_word' id='word_1_113' title='bbox 1387 1054 1464 1077; x_wconf 93' lang='lat' dir='ltr'>non</span> <span class='ocrx_word' id='word_1_114' title='bbox 1479 1054 1565 1077; x_wconf 91' lang='lat' dir='ltr'>cum</span> <span class='ocrx_word' id='word_1_115' title='bbox 1584 1054 1684 1091; x_wconf 87' lang='lat' dir='ltr'>papa</span> <span class='ocrx_word' id='word_1_116' title='bbox 1700 1042 1976 1086; x_wconf 80' lang='lat' dir='ltr'>Avenionensi,</span> <span class='ocrx_word' id='word_1_117' title='bbox 1998 1042 2058 1079; x_wconf 85' lang='lat' dir='ltr'>vel</span> <span class='ocrx_word' id='word_1_118' title='bbox 2079 1050 2214 1078; x_wconf 86' lang='lat' dir='ltr'>contra</span> <span class='ocrx_word' id='word_1_119' title='bbox 2237 1044 2363 1092; x_wconf 89' lang='lat' dir='ltr'>ipsum</span> <span class='ocrx_word' id='word_1_120' title='bbox 2622 1033 2632 1039; x_wconf 47' lang='lat'>&#39;⁴</span> 
     </span>
     <span class='ocr_line' id='line_1_12' title="bbox 438 1111 2364 1161; baseline 0 -13"><span class='ocrx_word' id='word_1_121' title='bbox 438 1119 477 1148; x_wconf 87' lang='lat' dir='ltr'>et</span> <span class='ocrx_word' id='word_1_122' title='bbox 504 1125 590 1147; x_wconf 90' lang='lat' dir='ltr'>cum</span> <span class='ocrx_word' id='word_1_123' title='bbox 617 1125 716 1160; x_wconf 86' lang='lat' dir='ltr'>papa</span> <span class='ocrx_word' id='word_1_124' title='bbox 746 1113 917 1148; x_wconf 83' lang='lat' dir='ltr'>Romano</span> <span class='ocrx_word' id='word_1_125' title='bbox 949 1111 1092 1153; x_wconf 83' lang='lat' dir='ltr'>stabat,</span> <span class='ocrx_word' id='word_1_126' title='bbox 1123 1112 1305 1159; x_wconf 88' lang='lat' dir='ltr'>majorem</span> <span class='ocrx_word' id='word_1_127' title='bbox 1330 1118 1478 1160; x_wconf 82' lang='lat' dir='ltr'>partem</span> <span class='ocrx_word' id='word_1_128' title='bbox 1507 1112 1675 1147; x_wconf 88' lang='lat' dir='ltr'>nationis</span> <span class='ocrx_word' id='word_1_129' title='bbox 1699 1111 1901 1148; x_wconf 88' lang='lat' dir='ltr'>Alemanni</span> <span class='ocrx_word' id='word_1_130' title='bbox 1924 1124 2012 1147; x_wconf 86' lang='lat' dir='ltr'>eum</span> <span class='ocrx_word' id='word_1_131' title='bbox 2039 1113 2173 1148; x_wconf 88' lang='lat' dir='ltr'>Suecis</span> <span class='ocrx_word' id='word_1_132' title='bbox 2200 1111 2364 1161; x_wconf 87' lang='lat' dir='ltr'>aliisque</span> 
     </span>
     <span class='ocr_line' id='line_1_13' title="bbox 441 1180 2364 1231; baseline 0.001 -14"><span class='ocrx_word' id='word_1_133' title='bbox 441 1181 706 1230; x_wconf 86' lang='lat' dir='ltr'>adjacentibus</span> <span class='ocrx_word' id='word_1_134' title='bbox 735 1180 1044 1223; x_wconf 78' lang='lat' dir='ltr'>constituebant3</span> <span class='ocrx_word' id='word_1_135' title='bbox 1075 1180 1229 1229; x_wconf 90' lang='lat' dir='ltr'>quando</span> <span class='ocrx_word' id='word_1_136' title='bbox 1259 1181 1363 1216; x_wconf 90' lang='lat' dir='ltr'>natio</span> <span class='ocrx_word' id='word_1_137' title='bbox 1394 1193 1518 1230; x_wconf 83' lang='lat' dir='ltr'>papae</span> <span class='ocrx_word' id='word_1_138' title='bbox 1547 1182 1808 1218; x_wconf 90' lang='lat' dir='ltr'>Avenionensi</span> <span class='ocrx_word' id='word_1_139' title='bbox 1837 1180 2088 1224; x_wconf 83' lang='lat' dir='ltr'>adhaerebat,</span> <span class='ocrx_word' id='word_1_140' title='bbox 2110 1182 2245 1230; x_wconf 61' lang='lat' dir='ltr'>‘major</span> <span class='ocrx_word' id='word_1_141' title='bbox 2275 1194 2364 1231; x_wconf 84' lang='lat' dir='ltr'>pars</span> 
     </span>
     <span class='ocr_line' id='line_1_14' title="bbox 436 1249 1824 1299; baseline 0 -12"><span class='ocrx_word' id='word_1_142' title='bbox 436 1252 604 1287; x_wconf 90' lang='lat' dir='ltr'>nationis</span> <span class='ocrx_word' id='word_1_143' title='bbox 618 1263 686 1299; x_wconf 92' lang='lat' dir='ltr'>per</span> <span class='ocrx_word' id='word_1_144' title='bbox 702 1251 838 1286; x_wconf 88' lang='lat' dir='ltr'>Scotos</span> <span class='ocrx_word' id='word_1_145' title='bbox 854 1256 893 1286; x_wconf 85' lang='lat' dir='ltr'>et</span> <span class='ocrx_word' id='word_1_146' title='bbox 908 1249 1056 1299; x_wconf 90' lang='lat' dir='ltr'>aliquos</span> <span class='ocrx_word' id='word_1_147' title='bbox 1070 1249 1304 1286; x_wconf 86' lang='lat' dir='ltr'>dissidentes</span> <span class='ocrx_word' id='word_1_148' title='bbox 1323 1250 1558 1287; x_wconf 90' lang='lat' dir='ltr'>Alemannos</span> <span class='ocrx_word' id='word_1_149' title='bbox 1575 1250 1824 1287; x_wconf 83' lang='lat' dir='ltr'>formabatur.</span> 
     </span>
     <span class='ocr_line' id='line_1_15' title="bbox 485 1319 2361 1370; baseline 0 -14"><span class='ocrx_word' id='word_1_150' title='bbox 485 1322 561 1356; x_wconf 90' lang='lat' dir='ltr'>Nec</span> <span class='ocrx_word' id='word_1_151' title='bbox 589 1321 719 1369; x_wconf 85' lang='lat' dir='ltr'>pigeat</span> <span class='ocrx_word' id='word_1_152' title='bbox 746 1319 858 1355; x_wconf 91' lang='lat' dir='ltr'>aliam</span> <span class='ocrx_word' id='word_1_153' title='bbox 885 1319 1194 1356; x_wconf 87' lang='lat' dir='ltr'>observationem</span> <span class='ocrx_word' id='word_1_154' title='bbox 1219 1327 1436 1356; x_wconf 88' lang='lat' dir='ltr'>annectere.</span> <span class='ocrx_word' id='word_1_155' title='bbox 1470 1322 1565 1357; x_wconf 91' lang='lat' dir='ltr'>Cum</span> <span class='ocrx_word' id='word_1_156' title='bbox 1594 1320 1821 1357; x_wconf 89' lang='lat' dir='ltr'>Alemannia</span> <span class='ocrx_word' id='word_1_157' title='bbox 1848 1333 1890 1357; x_wconf 91' lang='lat' dir='ltr'>se</span> <span class='ocrx_word' id='word_1_158' title='bbox 1919 1333 1990 1370; x_wconf 90' lang='lat' dir='ltr'>pro</span> <span class='ocrx_word' id='word_1_159' title='bbox 2015 1319 2170 1356; x_wconf 88' lang='lat' dir='ltr'>Urbano</span> <span class='ocrx_word' id='word_1_160' title='bbox 2196 1321 2265 1362; x_wconf 86' lang='lat' dir='ltr'>Vl,</span> <span class='ocrx_word' id='word_1_161' title='bbox 2298 1321 2361 1357; x_wconf 84' lang='lat' dir='ltr'>i.e.</span> 
     </span>
     <span class='ocr_line' id='line_1_16' title="bbox 436 1388 2366 1439; baseline 0.002 -15"><span class='ocrx_word' id='word_1_162' title='bbox 436 1403 505 1439; x_wconf 89' lang='lat' dir='ltr'>pro</span> <span class='ocrx_word' id='word_1_163' title='bbox 532 1402 630 1438; x_wconf 89' lang='lat' dir='ltr'>papa</span> <span class='ocrx_word' id='word_1_164' title='bbox 652 1391 823 1425; x_wconf 87' lang='lat' dir='ltr'>Romano</span> <span class='ocrx_word' id='word_1_165' title='bbox 846 1388 1112 1431; x_wconf 85' lang='lat' dir='ltr'>declaraverit,</span> <span class='ocrx_word' id='word_1_166' title='bbox 1141 1390 1269 1425; x_wconf 86' lang='lat' dir='ltr'>mirari</span> <span class='ocrx_word' id='word_1_167' title='bbox 1292 1390 1377 1438; x_wconf 90' lang='lat' dir='ltr'>quis</span> <span class='ocrx_word' id='word_1_168' title='bbox 1403 1397 1549 1438; x_wconf 90' lang='lat' dir='ltr'>posset,</span> <span class='ocrx_word' id='word_1_169' title='bbox 1579 1403 1648 1426; x_wconf 88' lang='lat' dir='ltr'>cur</span> <span class='ocrx_word' id='word_1_170' title='bbox 1676 1390 1879 1427; x_wconf 86' lang='lat' dir='ltr'>Alemanni</span> <span class='ocrx_word' id='word_1_171' title='bbox 1903 1391 1942 1426; x_wconf 90' lang='lat' dir='ltr'>in</span> <span class='ocrx_word' id='word_1_172' title='bbox 1970 1390 2127 1426; x_wconf 84' lang='lat' dir='ltr'>natione</span> <span class='ocrx_word' id='word_1_173' title='bbox 2152 1389 2366 1439; x_wconf 86' lang='lat' dir='ltr'>Anglicana</span> 
     </span>
     <span class='ocr_line' id='line_1_17' title="bbox 435 1458 2365 1509; baseline 0.001 -15"><span class='ocrx_word' id='word_1_174' title='bbox 435 1460 591 1494; x_wconf 88' lang='lat' dir='ltr'>Parisiis</span> <span class='ocrx_word' id='word_1_175' title='bbox 607 1458 793 1508; x_wconf 87' lang='lat' dir='ltr'>degentes</span> <span class='ocrx_word' id='word_1_176' title='bbox 807 1458 854 1494; x_wconf 85' lang='lat' dir='ltr'>ab</span> <span class='ocrx_word' id='word_1_177' title='bbox 871 1471 970 1494; x_wconf 86' lang='lat' dir='ltr'>anno</span> <span class='ocrx_word' id='word_1_178' title='bbox 989 1459 1082 1494; x_wconf 86' lang='grc'>1379</span> <span class='ocrx_word' id='word_1_179' title='bbox 1093 1471 1170 1494; x_wconf 92' lang='lat' dir='ltr'>non</span> <span class='ocrx_word' id='word_1_180' title='bbox 1187 1459 1353 1494; x_wconf 88' lang='lat' dir='ltr'>strenius</span> <span class='ocrx_word' id='word_1_181' title='bbox 1373 1466 1503 1507; x_wconf 91' lang='lat' dir='ltr'>partes</span> <span class='ocrx_word' id='word_1_182' title='bbox 1522 1458 1664 1496; x_wconf 87' lang='lat' dir='ltr'>Urbani</span> <span class='ocrx_word' id='word_1_183' title='bbox 1680 1461 1922 1509; x_wconf 86' lang='lat' dir='ltr'>arripuerint,</span> <span class='ocrx_word' id='word_1_184' title='bbox 1936 1459 2005 1495; x_wconf 90' lang='lat' dir='ltr'>sed</span> <span class='ocrx_word' id='word_1_185' title='bbox 2016 1460 2145 1508; x_wconf 85' lang='lat' dir='ltr'>potius</span> <span class='ocrx_word' id='word_1_186' title='bbox 2161 1459 2200 1494; x_wconf 87' lang='lat' dir='ltr'>in</span> <span class='ocrx_word' id='word_1_187' title='bbox 2218 1459 2365 1495; x_wconf 82' lang='lat' dir='ltr'>neutris</span> 
     </span>
     <span class='ocr_line' id='line_1_18' title="bbox 436 1527 2366 1578; baseline 0.001 -14"><span class='ocrx_word' id='word_1_188' title='bbox 436 1528 611 1578; x_wconf 86' lang='lat' dir='ltr'>partibus</span> <span class='ocrx_word' id='word_1_189' title='bbox 630 1529 897 1564; x_wconf 86' lang='lat' dir='ltr'>remanserint.</span> <span class='ocrx_word' id='word_1_190' title='bbox 920 1528 991 1564; x_wconf 91' lang='lat' dir='ltr'>Ast</span> <span class='ocrx_word' id='word_1_191' title='bbox 1004 1527 1214 1576; x_wconf 88' lang='lat' dir='ltr'>prudenter</span> <span class='ocrx_word' id='word_1_192' title='bbox 1227 1529 1266 1563; x_wconf 90' lang='lat' dir='ltr'>in</span> <span class='ocrx_word' id='word_1_193' title='bbox 1278 1528 1351 1564; x_wconf 92' lang='lat' dir='ltr'>hoc</span> <span class='ocrx_word' id='word_1_194' title='bbox 1367 1536 1542 1576; x_wconf 89' lang='lat' dir='ltr'>egerunt,</span> <span class='ocrx_word' id='word_1_195' title='bbox 1556 1541 1617 1572; x_wconf 89' lang='lat' dir='ltr'>ne,</span> <span class='ocrx_word' id='word_1_196' title='bbox 1634 1537 1675 1565; x_wconf 87' lang='lat' dir='ltr'>ut</span> <span class='ocrx_word' id='word_1_197' title='bbox 1691 1529 1784 1566; x_wconf 89' lang='lat' dir='ltr'>alias</span> <span class='ocrx_word' id='word_1_198' title='bbox 1796 1529 1948 1572; x_wconf 83' lang='lat' dir='ltr'>dicitur,</span> <span class='ocrx_word' id='word_1_199' title='bbox 1967 1529 2073 1565; x_wconf 85' lang='lat' dir='ltr'>natio</span> <span class='ocrx_word' id='word_1_200' title='bbox 2091 1542 2108 1563; x_wconf 74' lang='lat' dir='ltr'>c(</span> <span class='ocrx_word' id='word_1_201' title='bbox 2119 1527 2314 1565; x_wconf 84' lang='lat' dir='ltr'>videretur</span> <span class='ocrx_word' id='word_1_202' title='bbox 2323 1539 2366 1565; x_wconf 80' lang='lat' dir='ltr'>se</span> 
     </span>
     <span class='ocr_line' id='line_1_19' title="bbox 436 1596 2366 1648; baseline -0.001 -14"><span class='ocrx_word' id='word_1_203' title='bbox 436 1606 584 1647; x_wconf 87' lang='lat' dir='ltr'>partem</span> <span class='ocrx_word' id='word_1_204' title='bbox 603 1597 728 1634; x_wconf 83' lang='lat' dir='ltr'>facere</span> <span class='ocrx_word' id='word_1_205' title='bbox 742 1605 876 1633; x_wconf 89' lang='lat' dir='ltr'>contra</span> <span class='ocrx_word' id='word_1_206' title='bbox 893 1598 1188 1633; x_wconf 89' lang='lat' dir='ltr'>Universitatem</span> <span class='ocrx_word' id='word_1_207' title='bbox 1202 1611 1219 1632; x_wconf 72' lang='lat'>2&gt;</span> <span class='ocrx_word' id='word_1_208' title='bbox 1239 1597 1412 1644; x_wconf 79' lang='lat'>(601‚27).</span> <span class='ocrx_word' id='word_1_209' title='bbox 1434 1597 1636 1634; x_wconf 86' lang='lat' dir='ltr'>Alemanni</span> <span class='ocrx_word' id='word_1_210' title='bbox 1652 1605 1694 1634; x_wconf 91' lang='lat' dir='ltr'>ut</span> <span class='ocrx_word' id='word_1_211' title='bbox 1711 1600 1832 1648; x_wconf 87' lang='lat' dir='ltr'>major</span> <span class='ocrx_word' id='word_1_212' title='bbox 1846 1611 1934 1648; x_wconf 86' lang='lat' dir='ltr'>pars</span> <span class='ocrx_word' id='word_1_213' title='bbox 1951 1598 2118 1634; x_wconf 87' lang='lat' dir='ltr'>nationis</span> <span class='ocrx_word' id='word_1_214' title='bbox 2134 1596 2260 1634; x_wconf 91' lang='lat' dir='ltr'>solum</span> <span class='ocrx_word' id='word_1_215' title='bbox 2273 1596 2366 1633; x_wconf 80' lang='lat' dir='ltr'>deli-</span> 
     </span>
     <span class='ocr_line' id='line_1_20' title="bbox 440 1667 2366 1717; baseline -0.001 -13"><span class='ocrx_word' id='word_1_216' title='bbox 440 1667 679 1704; x_wconf 88' lang='lat' dir='ltr'>berationem</span> <span class='ocrx_word' id='word_1_217' title='bbox 700 1668 969 1704; x_wconf 87' lang='lat' dir='ltr'>Universitatis</span> <span class='ocrx_word' id='word_1_218' title='bbox 986 1680 1046 1702; x_wconf 92' lang='lat' dir='ltr'>an.</span> <span class='ocrx_word' id='word_1_219' title='bbox 1067 1667 1173 1710; x_wconf 84' lang='lat'>1379,</span> <span class='ocrx_word' id='word_1_220' title='bbox 1188 1668 1356 1703; x_wconf 89' lang='lat' dir='ltr'>Januarii</span> <span class='ocrx_word' id='word_1_221' title='bbox 1372 1668 1407 1710; x_wconf 86' lang='lat'>8,</span> <span class='ocrx_word' id='word_1_222' title='bbox 1423 1667 1713 1711; x_wconf 82' lang='lat' dir='ltr'>continuabant,</span> <span class='ocrx_word' id='word_1_223' title='bbox 1738 1668 1829 1704; x_wconf 90' lang='lat' dir='ltr'>licet</span> <span class='ocrx_word' id='word_1_224' title='bbox 1851 1675 1892 1704; x_wconf 92' lang='lat' dir='ltr'>ut</span> <span class='ocrx_word' id='word_1_225' title='bbox 1909 1679 2101 1717; x_wconf 85' lang='lat' dir='ltr'>personae</span> <span class='ocrx_word' id='word_1_226' title='bbox 2116 1667 2300 1716; x_wconf 85' lang='lat' dir='ltr'>privatae,</span> <span class='ocrx_word' id='word_1_227' title='bbox 2323 1673 2366 1702; x_wconf 92' lang='lat' dir='ltr'>ut</span> 
     </span>
     <span class='ocr_line' id='line_1_21' title="bbox 439 1735 2366 1787; baseline -0.001 -13"><span class='ocrx_word' id='word_1_228' title='bbox 439 1751 572 1774; x_wconf 90' lang='lat' dir='ltr'>eorum</span> <span class='ocrx_word' id='word_1_229' title='bbox 593 1737 812 1786; x_wconf 90' lang='lat' dir='ltr'>populares,</span> <span class='ocrx_word' id='word_1_230' title='bbox 836 1750 905 1785; x_wconf 92' lang='lat' dir='ltr'>pro</span> <span class='ocrx_word' id='word_1_231' title='bbox 926 1737 1059 1785; x_wconf 85' lang='lat' dir='ltr'>majori</span> <span class='ocrx_word' id='word_1_232' title='bbox 1079 1744 1187 1785; x_wconf 87' lang='lat' dir='ltr'>parte</span> <span class='ocrx_word' id='word_1_233' title='bbox 1207 1743 1341 1772; x_wconf 89' lang='lat' dir='ltr'>contra</span> <span class='ocrx_word' id='word_1_234' title='bbox 1358 1749 1496 1786; x_wconf 89' lang='lat' dir='ltr'>papam</span> <span class='ocrx_word' id='word_1_235' title='bbox 1519 1738 1829 1774; x_wconf 84' lang='lat' dir='ltr'>Avenionensem</span> <span class='ocrx_word' id='word_1_236' title='bbox 1849 1749 1971 1787; x_wconf 87' lang='lat' dir='ltr'>papae</span> <span class='ocrx_word' id='word_1_237' title='bbox 1994 1738 2166 1773; x_wconf 88' lang='lat' dir='ltr'>Romano</span> <span class='ocrx_word' id='word_1_238' title='bbox 2187 1735 2366 1772; x_wconf 87' lang='lat' dir='ltr'>adhaere—</span> 
     </span>
     <span class='ocr_line' id='line_1_22' title="bbox 439 1793 2365 1856; baseline -0.002 -13"><span class='ocrx_word' id='word_1_239' title='bbox 439 1807 550 1850; x_wconf 88' lang='lat' dir='ltr'>bant,</span> <span class='ocrx_word' id='word_1_240' title='bbox 578 1807 680 1856; x_wconf 93' lang='lat' dir='ltr'>quod</span> <span class='ocrx_word' id='word_1_241' title='bbox 706 1808 838 1856; x_wconf 90' lang='lat' dir='ltr'>utique</span> <span class='ocrx_word' id='word_1_242' title='bbox 865 1806 954 1842; x_wconf 87' lang='lat' dir='ltr'>data</span> <span class='ocrx_word' id='word_1_243' title='bbox 978 1807 1182 1843; x_wconf 88' lang='lat' dir='ltr'>occasione</span> <span class='ocrx_word' id='word_1_244' title='bbox 1212 1807 1251 1842; x_wconf 94' lang='lat' dir='ltr'>in</span> <span class='ocrx_word' id='word_1_245' title='bbox 1275 1805 1443 1842; x_wconf 89' lang='lat' dir='ltr'>medium</span> <span class='ocrx_word' id='word_1_246' title='bbox 1470 1808 1678 1856; x_wconf 90' lang='lat' dir='ltr'>processit,</span> <span class='ocrx_word' id='word_1_247' title='bbox 1705 1815 1747 1843; x_wconf 91' lang='lat' dir='ltr'>ut</span> <span class='ocrx_word' id='word_1_248' title='bbox 1773 1806 1871 1842; x_wconf 88' lang='lat' dir='ltr'>infra</span> <span class='ocrx_word' id='word_1_249' title='bbox 1887 1793 2132 1842; x_wconf 81' lang='lat' dir='ltr'>notabimus.</span> <span class='ocrx_word' id='word_1_250' title='bbox 2162 1806 2224 1841; x_wconf 90' lang='lat' dir='ltr'>Sic</span> <span class='ocrx_word' id='word_1_251' title='bbox 2249 1805 2365 1841; x_wconf 87' lang='lat' dir='ltr'>etiam</span> 
     </span>
     <span class='ocr_line' id='line_1_23' title="bbox 440 1874 2365 1926; baseline -0.002 -13"><span class='ocrx_word' id='word_1_252' title='bbox 440 1885 529 1926; x_wconf 89' lang='lat' dir='ltr'>post</span> <span class='ocrx_word' id='word_1_253' title='bbox 545 1890 605 1912; x_wconf 88' lang='lat' dir='ltr'>an.</span> <span class='ocrx_word' id='word_1_254' title='bbox 628 1878 734 1917; x_wconf 79' lang='lat'>1392,</span> <span class='ocrx_word' id='word_1_255' title='bbox 753 1890 839 1912; x_wconf 91' lang='lat' dir='ltr'>cum</span> <span class='ocrx_word' id='word_1_256' title='bbox 853 1877 970 1919; x_wconf 85' lang='lat' dir='ltr'>natio,</span> <span class='ocrx_word' id='word_1_257' title='bbox 992 1875 1029 1912; x_wconf 90' lang='lat' dir='ltr'>id</span> <span class='ocrx_word' id='word_1_258' title='bbox 1041 1883 1100 1912; x_wconf 90' lang='lat' dir='ltr'>est</span> <span class='ocrx_word' id='word_1_259' title='bbox 1115 1876 1236 1924; x_wconf 84' lang='lat' dir='ltr'>major</span> <span class='ocrx_word' id='word_1_260' title='bbox 1250 1889 1338 1926; x_wconf 89' lang='lat' dir='ltr'>pars</span> <span class='ocrx_word' id='word_1_261' title='bbox 1359 1877 1526 1912; x_wconf 86' lang='lat' dir='ltr'>nationis</span> <span class='ocrx_word' id='word_1_262' title='bbox 1538 1889 1606 1926; x_wconf 91' lang='lat' dir='ltr'>per</span> <span class='ocrx_word' id='word_1_263' title='bbox 1618 1876 1852 1913; x_wconf 88' lang='lat' dir='ltr'>Alemannos</span> <span class='ocrx_word' id='word_1_264' title='bbox 1864 1876 2088 1918; x_wconf 88' lang='lat' dir='ltr'>constituta,</span> <span class='ocrx_word' id='word_1_265' title='bbox 2103 1888 2124 1910; x_wconf 88' lang='lat' dir='ltr'>a</span> <span class='ocrx_word' id='word_1_266' title='bbox 2140 1887 2231 1924; x_wconf 88' lang='lat' dir='ltr'>rege</span> <span class='ocrx_word' id='word_1_267' title='bbox 2248 1874 2365 1923; x_wconf 87' lang='lat' dir='ltr'>privi-</span> 
     </span>
     <span class='ocr_line' id='line_1_24' title="bbox 441 1943 2362 1996; baseline -0.002 -14"><span class='ocrx_word' id='word_1_268' title='bbox 441 1946 582 1995; x_wconf 85' lang='lat' dir='ltr'>legiata</span> <span class='ocrx_word' id='word_1_269' title='bbox 601 1954 705 1983; x_wconf 87' lang='lat' dir='ltr'>esset</span> <span class='ocrx_word' id='word_1_270' title='bbox 724 1953 766 1982; x_wconf 92' lang='lat' dir='ltr'>ut</span> <span class='ocrx_word' id='word_1_271' title='bbox 790 1959 927 1996; x_wconf 89' lang='lat' dir='ltr'>papam</span> <span class='ocrx_word' id='word_1_272' title='bbox 947 1947 1158 1982; x_wconf 85' lang='lat' dir='ltr'>Romanum</span> <span class='ocrx_word' id='word_1_273' title='bbox 1175 1947 1283 1995; x_wconf 89' lang='lat' dir='ltr'>sequi</span> <span class='ocrx_word' id='word_1_274' title='bbox 1303 1953 1449 1995; x_wconf 87' lang='lat' dir='ltr'>posset,</span> <span class='ocrx_word' id='word_1_275' title='bbox 1469 1947 1565 1995; x_wconf 88' lang='lat' dir='ltr'>ipsa,</span> <span class='ocrx_word' id='word_1_276' title='bbox 1586 1953 1628 1982; x_wconf 92' lang='lat' dir='ltr'>ut</span> <span class='ocrx_word' id='word_1_277' title='bbox 1647 1959 1812 1996; x_wconf 89' lang='lat' dir='ltr'>persona</span> <span class='ocrx_word' id='word_1_278' title='bbox 1826 1945 2002 1995; x_wconf 89' lang='lat' dir='ltr'>juridica,</span> <span class='ocrx_word' id='word_1_279' title='bbox 2026 1945 2110 1981; x_wconf 91' lang='lat' dir='ltr'>sine</span> <span class='ocrx_word' id='word_1_280' title='bbox 2128 1943 2362 1980; x_wconf 88' lang='lat' dir='ltr'>determina-</span> 
     </span>
     <span class='ocr_line' id='line_1_25' title="bbox 436 2012 2365 2065; baseline -0.002 -13"><span class='ocrx_word' id='word_1_281' title='bbox 436 2018 541 2053; x_wconf 91' lang='lat' dir='ltr'>tione</span> <span class='ocrx_word' id='word_1_282' title='bbox 568 2030 637 2065; x_wconf 87' lang='lat' dir='ltr'>pro</span> <span class='ocrx_word' id='word_1_283' title='bbox 664 2016 790 2065; x_wconf 86' lang='lat' dir='ltr'>aliqua</span> <span class='ocrx_word' id='word_1_284' title='bbox 817 2023 927 2065; x_wconf 90' lang='lat' dir='ltr'>parte</span> <span class='ocrx_word' id='word_1_285' title='bbox 949 2028 1147 2052; x_wconf 90' lang='lat' dir='ltr'>remanere</span> <span class='ocrx_word' id='word_1_286' title='bbox 1170 2014 1304 2059; x_wconf 85' lang='lat' dir='ltr'>voluit,</span> <span class='ocrx_word' id='word_1_287' title='bbox 1331 2022 1371 2051; x_wconf 87' lang='lat' dir='ltr'>et</span> <span class='ocrx_word' id='word_1_288' title='bbox 1398 2015 1522 2051; x_wconf 88' lang='lat' dir='ltr'>solum</span> <span class='ocrx_word' id='word_1_289' title='bbox 1546 2016 1593 2051; x_wconf 89' lang='lat' dir='ltr'>ab</span> <span class='ocrx_word' id='word_1_290' title='bbox 1619 2028 1680 2052; x_wconf 90' lang='lat' dir='ltr'>an.</span> <span class='ocrx_word' id='word_1_291' title='bbox 1714 2015 1806 2051; x_wconf 79' lang='grc'>1403</span> <span class='ocrx_word' id='word_1_292' title='bbox 1834 2028 1917 2052; x_wconf 89' lang='lat' dir='ltr'>eam</span> <span class='ocrx_word' id='word_1_293' title='bbox 1946 2021 2074 2064; x_wconf 90' lang='lat' dir='ltr'>partes</span> <span class='ocrx_word' id='word_1_294' title='bbox 2102 2012 2286 2050; x_wconf 88' lang='lat' dir='ltr'>Bonifacii</span> <span class='ocrx_word' id='word_1_295' title='bbox 2314 2013 2365 2049; x_wconf 93' lang='lat' dir='ltr'>IX</span> 
     </span>
     <span class='ocr_line' id='line_1_26' title="bbox 438 2085 900 2135; baseline -0.002 -13"><span class='ocrx_word' id='word_1_296' title='bbox 438 2094 569 2135; x_wconf 88' lang='lat' dir='ltr'>aperte</span> <span class='ocrx_word' id='word_1_297' title='bbox 586 2087 694 2135; x_wconf 88' lang='lat' dir='ltr'>sequi</span> <span class='ocrx_word' id='word_1_298' title='bbox 712 2085 900 2122; x_wconf 89' lang='lat' dir='ltr'>videmus.</span> 
     </span>
     <span class='ocr_line' id='line_1_27' title="bbox 491 2155 1261 2205; baseline -0.003 -13"><span class='ocrx_word' id='word_1_299' title='bbox 491 2156 566 2192; x_wconf 92' lang='lat' dir='ltr'>Sed</span> <span class='ocrx_word' id='word_1_300' title='bbox 582 2162 821 2192; x_wconf 88' lang='lat' dir='ltr'>transeamus</span> <span class='ocrx_word' id='word_1_301' title='bbox 843 2155 889 2191; x_wconf 91' lang='lat' dir='ltr'>ad</span> <span class='ocrx_word' id='word_1_302' title='bbox 910 2156 1033 2205; x_wconf 91' lang='lat' dir='ltr'>ipsam</span> <span class='ocrx_word' id='word_1_303' title='bbox 1048 2155 1261 2191; x_wconf 86' lang='lat' dir='ltr'>historiam.</span> 
     </span>
     <span class='ocr_line' id='line_1_28' title="bbox 276 2223 2363 2274; baseline -0 -12"><span class='ocrx_word' id='word_1_304' title='bbox 276 2237 341 2262; x_wconf 86' lang='lat'>1378</span> <span class='ocrx_word' id='word_1_305' title='bbox 485 2227 534 2262; x_wconf 88' lang='lat' dir='ltr'>Ut</span> <span class='ocrx_word' id='word_1_306' title='bbox 556 2233 635 2262; x_wconf 88' lang='lat' dir='ltr'>tota</span> <span class='ocrx_word' id='word_1_307' title='bbox 661 2227 912 2270; x_wconf 87' lang='lat' dir='ltr'>Universitas,</span> <span class='ocrx_word' id='word_1_308' title='bbox 930 2226 982 2261; x_wconf 88' lang='lat' dir='ltr'>ita</span> <span class='ocrx_word' id='word_1_309' title='bbox 1003 2232 1042 2261; x_wconf 88' lang='lat' dir='ltr'>et</span> <span class='ocrx_word' id='word_1_310' title='bbox 1061 2226 1166 2261; x_wconf 88' lang='lat' dir='ltr'>natio</span> <span class='ocrx_word' id='word_1_311' title='bbox 1183 2224 1396 2274; x_wconf 87' lang='lat' dir='ltr'>Anglicana</span> <span class='ocrx_word' id='word_1_312' title='bbox 1416 2231 1506 2273; x_wconf 89' lang='lat' dir='ltr'>post</span> <span class='ocrx_word' id='word_1_313' title='bbox 1528 2223 1756 2260; x_wconf 90' lang='lat' dir='ltr'>electionem</span> <span class='ocrx_word' id='word_1_314' title='bbox 1779 2231 1818 2259; x_wconf 90' lang='lat' dir='ltr'>et</span> <span class='ocrx_word' id='word_1_315' title='bbox 1837 2224 2126 2268; x_wconf 82' lang='lat' dir='ltr'>coronationem</span> <span class='ocrx_word' id='word_1_316' title='bbox 2151 2224 2293 2260; x_wconf 91' lang='lat' dir='ltr'>Urbani</span> <span class='ocrx_word' id='word_1_317' title='bbox 2313 2225 2363 2262; x_wconf 90' lang='lat' dir='ltr'>VI</span> 
     </span>
     <span class='ocr_line' id='line_1_29' title="bbox 228 2281 2363 2343; baseline -0 -12"><span class='ocrx_word' id='word_1_318' title='bbox 228 2282 282 2308; x_wconf 64' lang='lat' dir='ltr'>pm</span> <span class='ocrx_word' id='word_1_319' title='bbox 298 2281 413 2308; x_wconf 71' lang='lat' dir='ltr'>Urbano</span> <span class='ocrx_word' id='word_1_320' title='bbox 436 2295 602 2332; x_wconf 89' lang='lat' dir='ltr'>rotulum</span> <span class='ocrx_word' id='word_1_321' title='bbox 620 2295 667 2331; x_wconf 90' lang='lat' dir='ltr'>ad</span> <span class='ocrx_word' id='word_1_322' title='bbox 684 2308 770 2331; x_wconf 91' lang='lat' dir='ltr'>eum</span> <span class='ocrx_word' id='word_1_323' title='bbox 787 2296 904 2331; x_wconf 88' lang='lat' dir='ltr'>misit.</span> <span class='ocrx_word' id='word_1_324' title='bbox 926 2296 981 2331; x_wconf 93' lang='lat' dir='ltr'>De</span> <span class='ocrx_word' id='word_1_325' title='bbox 1000 2295 1073 2330; x_wconf 92' lang='lat' dir='ltr'>hoc</span> <span class='ocrx_word' id='word_1_326' title='bbox 1093 2294 1230 2336; x_wconf 86' lang='lat' dir='ltr'>rotulo,</span> <span class='ocrx_word' id='word_1_327' title='bbox 1254 2301 1343 2343; x_wconf 88' lang='lat' dir='ltr'>post</span> <span class='ocrx_word' id='word_1_328' title='bbox 1359 2301 1520 2329; x_wconf 90' lang='lat' dir='ltr'>mortem</span> <span class='ocrx_word' id='word_1_329' title='bbox 1535 2294 1707 2342; x_wconf 89' lang='lat' dir='ltr'>Gregorii</span> <span class='ocrx_word' id='word_1_330' title='bbox 1727 2294 1792 2335; x_wconf 86' lang='lat' dir='ltr'>XI,</span> <span class='ocrx_word' id='word_1_331' title='bbox 1812 2292 1954 2342; x_wconf 89' lang='lat' dir='ltr'>ubique</span> <span class='ocrx_word' id='word_1_332' title='bbox 1974 2293 2012 2328; x_wconf 90' lang='lat' dir='ltr'>in</span> <span class='ocrx_word' id='word_1_333' title='bbox 2029 2292 2214 2329; x_wconf 74' lang='lat' dir='ltr'>Aac-tario</span> <span class='ocrx_word' id='word_1_334' title='bbox 2238 2306 2363 2330; x_wconf 91' lang='lat' dir='ltr'>sermo</span> 
     </span>
     <span class='ocr_line' id='line_1_30' title="bbox 438 2362 2363 2414; baseline -0.002 -13"><span class='ocrx_word' id='word_1_335' title='bbox 438 2373 498 2401; x_wconf 89' lang='lat' dir='ltr'>est</span> <span class='ocrx_word' id='word_1_336' title='bbox 515 2367 600 2412; x_wconf 83' lang='lat'>(538</span> <span class='ocrx_word' id='word_1_337' title='bbox 617 2368 731 2414; x_wconf 90' lang='lat' dir='ltr'>sqq.).</span> <span class='ocrx_word' id='word_1_338' title='bbox 756 2366 919 2401; x_wconf 89' lang='lat' dir='ltr'>Nuntius</span> <span class='ocrx_word' id='word_1_339' title='bbox 936 2364 1048 2400; x_wconf 89' lang='lat' dir='ltr'>rotuli</span> <span class='ocrx_word' id='word_1_340' title='bbox 1066 2377 1134 2413; x_wconf 93' lang='lat' dir='ltr'>pro</span> <span class='ocrx_word' id='word_1_341' title='bbox 1150 2365 1306 2400; x_wconf 91' lang='lat' dir='ltr'>natione</span> <span class='ocrx_word' id='word_1_342' title='bbox 1322 2363 1512 2400; x_wconf 88' lang='lat' dir='ltr'>Gerardus</span> <span class='ocrx_word' id='word_1_343' title='bbox 1537 2363 1586 2400; x_wconf 93' lang='lat' dir='ltr'>de</span> <span class='ocrx_word' id='word_1_344' title='bbox 1608 2363 1751 2399; x_wconf 89' lang='lat' dir='ltr'>Kalkar</span> <span class='ocrx_word' id='word_1_345' title='bbox 1771 2362 1919 2399; x_wconf 90' lang='lat' dir='ltr'>clectus</span> <span class='ocrx_word' id='word_1_346' title='bbox 1940 2370 2000 2399; x_wconf 91' lang='lat' dir='ltr'>est</span> <span class='ocrx_word' id='word_1_347' title='bbox 2020 2363 2195 2408; x_wconf 80' lang='lat'>(539‚-11).</span> <span class='ocrx_word' id='word_1_348' title='bbox 2220 2362 2363 2399; x_wconf 89' lang='lat' dir='ltr'>Eodem</span> 
     </span>
     <span class='ocr_line' id='line_1_31' title="bbox 439 2431 2364 2482; baseline -0.001 -12"><span class='ocrx_word' id='word_1_349' title='bbox 439 2448 499 2470; x_wconf 89' lang='lat' dir='ltr'>an.</span> <span class='ocrx_word' id='word_1_350' title='bbox 527 2435 630 2477; x_wconf 81' lang='lat'>1378,</span> <span class='ocrx_word' id='word_1_351' title='bbox 648 2436 734 2470; x_wconf 86' lang='lat' dir='ltr'>Jun.</span> <span class='ocrx_word' id='word_1_352' title='bbox 762 2435 818 2477; x_wconf 78' lang='lat'>12,</span> <span class='ocrx_word' id='word_1_353' title='bbox 842 2435 998 2470; x_wconf 89' lang='lat' dir='ltr'>nuntius</span> <span class='ocrx_word' id='word_1_354' title='bbox 1022 2434 1170 2470; x_wconf 85' lang='lat' dir='ltr'>litteras</span> <span class='ocrx_word' id='word_1_355' title='bbox 1195 2447 1211 2468; x_wconf 81' lang='grc' dir='ltr'>α</span> <span class='ocrx_word' id='word_1_356' title='bbox 1239 2433 1494 2469; x_wconf 87' lang='lat' dir='ltr'>credentiales</span> <span class='ocrx_word' id='word_1_357' title='bbox 1517 2447 1534 2467; x_wconf 82' lang='lat'>›)</span> <span class='ocrx_word' id='word_1_358' title='bbox 1561 2446 1581 2469; x_wconf 84' lang='lat' dir='ltr'>a</span> <span class='ocrx_word' id='word_1_359' title='bbox 1602 2434 1757 2469; x_wconf 89' lang='lat' dir='ltr'>natione</span> <span class='ocrx_word' id='word_1_360' title='bbox 1778 2434 1924 2482; x_wconf 89' lang='lat' dir='ltr'>recepit</span> <span class='ocrx_word' id='word_1_361' title='bbox 1945 2431 2123 2481; x_wconf 81' lang='lat'>(559‚21).</span> <span class='ocrx_word' id='word_1_362' title='bbox 2150 2434 2263 2468; x_wconf 88' lang='lat' dir='ltr'>Forte</span> <span class='ocrx_word' id='word_1_363' title='bbox 2287 2445 2364 2468; x_wconf 90' lang='lat' dir='ltr'>non</span> 
     </span>
     <span class='ocr_line' id='line_1_32' title="bbox 437 2499 2364 2554; baseline -0.001 -15"><span class='ocrx_word' id='word_1_364' title='bbox 437 2504 557 2540; x_wconf 90' lang='lat' dir='ltr'>multo</span> <span class='ocrx_word' id='word_1_365' title='bbox 580 2511 669 2554; x_wconf 86' lang='lat' dir='ltr'>post</span> <span class='ocrx_word' id='word_1_366' title='bbox 684 2516 818 2540; x_wconf 87' lang='lat' dir='ltr'>omnes</span> <span class='ocrx_word' id='word_1_367' title='bbox 839 2505 962 2539; x_wconf 88' lang='lat' dir='ltr'>nuntii</span> <span class='ocrx_word' id='word_1_368' title='bbox 983 2503 1144 2552; x_wconf 86' lang='lat' dir='ltr'>profecti</span> <span class='ocrx_word' id='word_1_369' title='bbox 1166 2503 1290 2545; x_wconf 87' lang='lat' dir='ltr'>sunt¹,</span> <span class='ocrx_word' id='word_1_370' title='bbox 1310 2503 1461 2538; x_wconf 90' lang='lat' dir='ltr'>interim</span> <span class='ocrx_word' id='word_1_371' title='bbox 1478 2503 1556 2551; x_wconf 87' lang='lat' dir='ltr'>jam</span> <span class='ocrx_word' id='word_1_372' title='bbox 1580 2501 1750 2538; x_wconf 88' lang='lat' dir='ltr'>Marsilio</span> <span class='ocrx_word' id='word_1_373' title='bbox 1771 2501 1820 2537; x_wconf 93' lang='lat' dir='ltr'>de</span> <span class='ocrx_word' id='word_1_374' title='bbox 1845 2501 1991 2551; x_wconf 78' lang='lat' dir='ltr'>Ing-hen</span> <span class='ocrx_word' id='word_1_375' title='bbox 2019 2514 2103 2536; x_wconf 90' lang='lat' dir='ltr'>cum</span> <span class='ocrx_word' id='word_1_376' title='bbox 2125 2501 2289 2536; x_wconf 91' lang='lat' dir='ltr'>Henrico</span> <span class='ocrx_word' id='word_1_377' title='bbox 2316 2499 2364 2537; x_wconf 91' lang='lat' dir='ltr'>de</span> 
     </span>
     <span class='ocr_line' id='line_1_33' title="bbox 440 2569 2362 2623; baseline -0.002 -14"><span class='ocrx_word' id='word_1_378' title='bbox 440 2574 581 2610; x_wconf 90' lang='lat' dir='ltr'>Thenis</span> <span class='ocrx_word' id='word_1_379' title='bbox 604 2587 674 2623; x_wconf 91' lang='lat' dir='ltr'>pro</span> <span class='ocrx_word' id='word_1_380' title='bbox 702 2573 812 2609; x_wconf 86' lang='lat' dir='ltr'>factis</span> <span class='ocrx_word' id='word_1_381' title='bbox 839 2574 1119 2614; x_wconf 86' lang='lat' dir='ltr'>Universitatis,</span> <span class='ocrx_word' id='word_1_382' title='bbox 1149 2573 1337 2622; x_wconf 87' lang='lat' dir='ltr'>imprimis</span> <span class='ocrx_word' id='word_1_383' title='bbox 1356 2584 1446 2608; x_wconf 90' lang='lat' dir='ltr'>vero</span> <span class='ocrx_word' id='word_1_384' title='bbox 1472 2572 1654 2614; x_wconf 89' lang='lat' dir='ltr'>nationis,</span> <span class='ocrx_word' id='word_1_385' title='bbox 1686 2573 1827 2607; x_wconf 84' lang='lat' dir='ltr'>Romae</span> <span class='ocrx_word' id='word_1_386' title='bbox 1856 2571 2153 2606; x_wconf 84' lang='lat' dir='ltr'>commorante2.</span> <span class='ocrx_word' id='word_1_387' title='bbox 2185 2569 2260 2606; x_wconf 90' lang='lat' dir='ltr'>Sed</span> <span class='ocrx_word' id='word_1_388' title='bbox 2284 2570 2362 2618; x_wconf 89' lang='lat' dir='ltr'>jam</span> 
     </span>
     <span class='ocr_line' id='line_1_34' title="bbox 443 2638 2360 2692; baseline -0.003 -13"><span class='ocrx_word' id='word_1_389' title='bbox 443 2651 646 2692; x_wconf 90' lang='lat' dir='ltr'>antequam</span> <span class='ocrx_word' id='word_1_390' title='bbox 663 2644 785 2679; x_wconf 92' lang='lat' dir='ltr'>nuntii</span> <span class='ocrx_word' id='word_1_391' title='bbox 803 2644 874 2678; x_wconf 86' lang='lat' dir='ltr'>iter</span> <span class='ocrx_word' id='word_1_392' title='bbox 886 2643 1149 2691; x_wconf 86' lang='lat' dir='ltr'>arripuissent,</span> <span class='ocrx_word' id='word_1_393' title='bbox 1164 2654 1286 2691; x_wconf 88' lang='lat' dir='ltr'>paene</span> <span class='ocrx_word' id='word_1_394' title='bbox 1301 2654 1435 2677; x_wconf 90' lang='lat' dir='ltr'>omnes</span> <span class='ocrx_word' id='word_1_395' title='bbox 1451 2640 1666 2677; x_wconf 89' lang='lat' dir='ltr'>cardinales</span> <span class='ocrx_word' id='word_1_396' title='bbox 1682 2642 1823 2676; x_wconf 87' lang='lat' dir='ltr'>Romae</span> <span class='ocrx_word' id='word_1_397' title='bbox 1838 2639 2034 2676; x_wconf 83' lang='lat' dir='ltr'>Urbanum</span> <span class='ocrx_word' id='word_1_398' title='bbox 2051 2640 2099 2675; x_wconf 95' lang='lat' dir='ltr'>VI</span> <span class='ocrx_word' id='word_1_399' title='bbox 2113 2638 2360 2687; x_wconf 89' lang='lat' dir='ltr'>reliquentes,</span> 
     </span>
    </p>
   </div>
   <div class='ocr_carea' id='block_1_4' title="bbox 439 2708 2364 2763">
    <p class='ocr_par' dir='ltr' id='par_1_4' title="bbox 439 2708 2364 2763">
     <span class='ocr_line' id='line_1_35' title="bbox 439 2708 2364 2763; baseline -0.004 -14"><span class='ocrx_word' id='word_1_400' title='bbox 439 2715 651 2763; x_wconf 85' lang='lat' dir='ltr'>Anagniam</span> <span class='ocrx_word' id='word_1_401' title='bbox 669 2719 908 2749; x_wconf 87' lang='lat' dir='ltr'>recesserant</span> <span class='ocrx_word' id='word_1_402' title='bbox 925 2711 1111 2754; x_wconf 87' lang='lat' dir='ltr'>dicentes,</span> <span class='ocrx_word' id='word_1_403' title='bbox 1129 2711 1323 2748; x_wconf 87' lang='lat' dir='ltr'>Urbanum</span> <span class='ocrx_word' id='word_1_404' title='bbox 1341 2712 1388 2747; x_wconf 88' lang='lat' dir='ltr'>VI</span> <span class='ocrx_word' id='word_1_405' title='bbox 1403 2711 1568 2747; x_wconf 85' lang='lat' dir='ltr'>electum</span> <span class='ocrx_word' id='word_1_406' title='bbox 1584 2710 1701 2746; x_wconf 87' lang='lat' dir='ltr'>fuisse</span> <span class='ocrx_word' id='word_1_407' title='bbox 1718 2722 1787 2759; x_wconf 90' lang='lat' dir='ltr'>per</span> <span class='ocrx_word' id='word_1_408' title='bbox 1802 2709 2097 2758; x_wconf 88' lang='lat' dir='ltr'>impressionem</span> <span class='ocrx_word' id='word_1_409' title='bbox 2112 2709 2135 2743; x_wconf 78' lang='lat'>³.</span> <span class='ocrx_word' id='word_1_410' title='bbox 2164 2708 2364 2744; x_wconf 89' lang='lat' dir='ltr'>Verisimi-</span> 
     </span>
    </p>
   </div>
   <div class='ocr_carea' id='block_1_5' title="bbox 436 2842 2362 2985">
    <p class='ocr_par' dir='ltr' id='par_1_5' title="bbox 436 2842 2362 2985">
     <span class='ocr_line' id='line_1_36' title="bbox 477 2842 2362 2882; baseline -0.004 -5"><span class='ocrx_word' id='word_1_411' title='bbox 477 2851 502 2877; x_wconf 91' lang='lat'>1.</span> <span class='ocrx_word' id='word_1_412' title='bbox 548 2848 618 2877; x_wconf 89' lang='lat' dir='ltr'>Vid.</span> <span class='ocrx_word' id='word_1_413' title='bbox 638 2850 785 2882; x_wconf 66' lang='lat' dir='ltr'>Chat-tul„</span> <span class='ocrx_word' id='word_1_414' title='bbox 806 2847 861 2882; x_wconf 87' lang='lat' dir='ltr'>lll,</span> <span class='ocrx_word' id='word_1_415' title='bbox 880 2847 921 2876; x_wconf 81' lang='lat' dir='ltr'>n¹¹</span> <span class='ocrx_word' id='word_1_416' title='bbox 940 2848 1017 2876; x_wconf 79' lang='lat'>1419</span> <span class='ocrx_word' id='word_1_417' title='bbox 1032 2853 1061 2875; x_wconf 89' lang='lat' dir='ltr'>et</span> <span class='ocrx_word' id='word_1_418' title='bbox 1074 2847 1160 2875; x_wconf 82' lang='lat'>1606.</span> <span class='ocrx_word' id='word_1_419' title='bbox 1493 2847 1523 2875; x_wconf 85' lang='lat'>3.</span> <span class='ocrx_word' id='word_1_420' title='bbox 1568 2845 1638 2873; x_wconf 86' lang='lat' dir='ltr'>Vid.</span> <span class='ocrx_word' id='word_1_421' title='bbox 1658 2846 1807 2879; x_wconf 62' lang='lat' dir='ltr'>Clam-tuh,</span> <span class='ocrx_word' id='word_1_422' title='bbox 1826 2843 1881 2879; x_wconf 86' lang='grc' dir='ltr'>ΙΙΙ,</span> <span class='ocrx_word' id='word_1_423' title='bbox 1905 2849 1939 2872; x_wconf 86' lang='lat' dir='ltr'>n0</span> <span class='ocrx_word' id='word_1_424' title='bbox 1959 2843 2047 2878; x_wconf 90' lang='grc'>1607,</span> <span class='ocrx_word' id='word_1_425' title='bbox 2070 2849 2134 2871; x_wconf 91' lang='lat' dir='ltr'>not.</span> <span class='ocrx_word' id='word_1_426' title='bbox 2162 2844 2189 2877; x_wconf 94' lang='lat'>1,</span> <span class='ocrx_word' id='word_1_427' title='bbox 2214 2848 2244 2871; x_wconf 84' lang='lat' dir='ltr'>et</span> <span class='ocrx_word' id='word_1_428' title='bbox 2271 2842 2362 2880; x_wconf 86' lang='lat' dir='ltr'>epist.</span> 
     </span>
     <span class='ocr_line' id='line_1_37' title="bbox 476 2894 1758 2936; baseline -0.003 -10"><span class='ocrx_word' id='word_1_429' title='bbox 476 2898 504 2927; x_wconf 87' lang='lat'>2.</span> <span class='ocrx_word' id='word_1_430' title='bbox 549 2898 618 2926; x_wconf 91' lang='lat' dir='ltr'>Vid.</span> <span class='ocrx_word' id='word_1_431' title='bbox 645 2898 736 2932; x_wconf 79' lang='lat'>559‚4</span> <span class='ocrx_word' id='word_1_432' title='bbox 762 2908 833 2936; x_wconf 87' lang='lat' dir='ltr'>sqq.</span> <span class='ocrx_word' id='word_1_433' title='bbox 861 2897 906 2925; x_wconf 86' lang='lat' dir='ltr'>De</span> <span class='ocrx_word' id='word_1_434' title='bbox 926 2896 1084 2925; x_wconf 72' lang='grc' dir='ltr'>ΜΑιιειιιο</span> <span class='ocrx_word' id='word_1_435' title='bbox 1104 2895 1171 2924; x_wconf 85' lang='lat' dir='ltr'>solo</span> <span class='ocrx_word' id='word_1_436' title='bbox 1193 2896 1341 2930; x_wconf 63' lang='lat' dir='ltr'>Char-tul„</span> <span class='ocrx_word' id='word_1_437' title='bbox 1455 2894 1604 2923; x_wconf 53' lang='lat' dir='ltr'>Minsnu</span> <span class='ocrx_word' id='word_1_438' title='bbox 1620 2901 1654 2923; x_wconf 88' lang='lat' dir='ltr'>n⁰</span> <span class='ocrx_word' id='word_1_439' title='bbox 1672 2894 1758 2923; x_wconf 79' lang='lat'>1608.</span> 
     </span>
     <span class='ocr_line' id='line_1_38' title="bbox 436 2945 1127 2985; baseline -0.003 -10"><span class='ocrx_word' id='word_1_440' title='bbox 436 2956 472 2975; x_wconf 88' lang='lat' dir='ltr'>n⁰</span> <span class='ocrx_word' id='word_1_441' title='bbox 491 2948 577 2982; x_wconf 86' lang='lat'>1608,</span> <span class='ocrx_word' id='word_1_442' title='bbox 598 2953 627 2976; x_wconf 83' lang='lat' dir='ltr'>et</span> <span class='ocrx_word' id='word_1_443' title='bbox 639 2948 770 2975; x_wconf 77' lang='lat' dir='ltr'>Iudicem</span> <span class='ocrx_word' id='word_1_444' title='bbox 783 2957 903 2985; x_wconf 79' lang='lat' dir='ltr'>per-son.</span> <span class='ocrx_word' id='word_1_445' title='bbox 921 2945 952 2974; x_wconf 90' lang='lat' dir='ltr'>in</span> <span class='ocrx_word' id='word_1_446' title='bbox 965 2948 1088 2974; x_wconf 78' lang='lat' dir='ltr'>Auctar.</span> <span class='ocrx_word' id='word_1_447' title='bbox 1106 2945 1127 2973; x_wconf 89' lang='grc' dir='ltr'>Ι.</span> 
     </span>
    </p>
   </div>
  </div>
 </body>
</html>
