2632 3464
292 421 344 448 369

291 497 364 526 dum
389 497 554 527 officiarios
582 507 678 537 super
697 496 811 532 rotulo,
841 496 961 526 scilicet
987 496 1133 526 nuncium
1159 506 1196 525 ex

290 552 379 586 parte
392 546 532 576 nacionis
540 553 647 576 nostre
659 555 727 576 cum
736 545 839 576 rotulo
847 545 886 574 ad
895 555 1004 584 papam
1015 545 1195 574 mittendum

291 600 322 624 et
333 595 372 624 ad
387 595 563 635 eligendum
575 595 795 625 inrotulatores
813 594 878 624 sive
893 593 986 623 rotuli
1000 593 1195 623 ordinatores

291 650 321 674 et
334 645 372 673 ad
387 644 635 684 supplicandum,
650 644 765 674 electus
778 643 835 672 fuit
846 642 879 672 in
891 643 1037 673 nuncium
1048 643 1196 683 magister

290 692 445 723 Henricus
468 693 507 723 de
535 693 659 728 Bassia,
688 698 719 722 et
746 691 835 722 electi
864 698 952 722 crant
975 691 1195 722 inrotulatores

289 741 430 782 magistri
455 742 610 772 Henricus
635 740 803 782 Langhals,
832 741 1021 771 Wilhelmus
1052 741 1194 770 Trebron

290 789 402 821 Scotus
420 797 451 820 et
466 791 614 831 magister
627 790 786 821 walterus
799 791 837 820 de
851 790 931 819 Deis.

330 839 406 869 Item
429 839 645 880 supplicabant
662 839 803 879 magistri
822 839 1011 869 Wilhelmus
1028 839 1194 868 Zuermont

288 894 318 918 et
332 888 446 918 Petrus
462 889 501 918 de
516 887 643 928 Leydis,
660 894 812 928 quatenus
827 887 900 918 licet
917 888 986 928 ipso
1002 888 1052 918 die
1070 888 1193 918 conclu-

288 937 386 967 sionis
407 937 501 968 rotuli
522 947 585 967 non
606 943 695 967 erant
716 943 879 977 presentes
902 947 1002 977 neque
1033 937 1191 973 Parisius,

288 986 377 1016 nacio
388 992 546 1026 reputaret
562 996 617 1016 eos
629 993 790 1026 presentes
807 993 837 1016 et
851 987 987 1026 gaudere
1004 987 1117 1016 faceret
1129 987 1193 1016 eis-

288 1035 357 1064 dem
367 1035 587 1076 prerogativis,
604 1035 718 1075 quibus
728 1041 902 1075 presentes.
912 1035 1061 1065 Similiter
1074 1036 1192 1076 suppli-

287 1084 376 1114 cabat
385 1084 465 1114 idem
475 1084 624 1124 magister
633 1084 821 1114 Wilbelmus
831 1094 890 1124 pro
900 1085 1023 1114 duobus
1033 1085 1082 1114 vel
1091 1085 1192 1114 tribus

286 1132 446 1173 magistris
476 1133 616 1163 nacionis
640 1139 747 1163 nostre
775 1133 954 1163 Aurelianis
982 1134 1190 1169 studentibus,

291 1188 443 1221 quatenus
479 1192 542 1211 non
579 1183 721 1212 obstante
749 1182 895 1212 absencia
929 1193 1034 1212 eorum
1063 1189 1193 1222 possent

286 1230 404 1270 imponi
423 1231 455 1260 in
470 1231 588 1267 rotulo;
606 1232 690 1271 quod
706 1237 803 1261 totum
818 1232 1056 1261 concedebatur.

326 1279 399 1320 (Fal.
419 1279 467 1320 19)
486 1280 561 1310 Item
576 1281 684 1310 eodem
696 1281 746 1310 die
761 1281 837 1310 sacta
848 1281 1095 1321 congregacione
1111 1282 1191 1322 apud

286 1328 430 1359 Sanctum
457 1329 644 1359 Maturinum
675 1329 707 1359 in
738 1330 830 1359 nonis
858 1330 972 1359 Nostre
1002 1330 1133 1360 Domine
1154 1331 1192 1360 ad

284 1378 449 1408 taxandum
464 1384 495 1408 et
511 1378 715 1408 ordinandum
735 1379 773 1408 de
791 1379 960 1418 quantitate
977 1379 1108 1418 pecunie
1128 1386 1192 1409 tra-

286 1427 386 1456 dende
401 1427 514 1457 nuncio
533 1437 592 1467 pro
610 1427 756 1467 expensis
778 1434 809 1457 et
827 1427 987 1458 laboribus
1001 1429 1085 1458 circa
1104 1435 1192 1458 rotu-

285 1475 348 1506 lum
360 1476 544 1511 faciendum,
564 1482 594 1506 et
606 1477 643 1505 ad
662 1476 852 1506 limitandum
866 1483 1000 1516 tempus,
1012 1477 1092 1506 infra
1107 1478 1190 1517 quod

284 1525 424 1565 magistri
448 1525 487 1554 de
509 1524 581 1554 aliis
604 1525 745 1565 partibus
765 1526 1020 1566 supervenientes
1042 1527 1192 1556 deberent

283 1573 421 1614 reputari
439 1580 612 1613 presentes,
629 1581 659 1604 et
673 1575 710 1604 ad
722 1574 971 1614 supplicandum,
984 1582 1014 1604 et
1028 1582 1190 1615 antequam

283 1622 470 1652 deliberacio
485 1623 616 1653 dabatur
626 1633 721 1663 super
734 1624 918 1663 propositis,
935 1625 1030 1664 peciit
1041 1624 1190 1665 magister

283 1671 438 1702 Henricus
468 1673 507 1701 de
539 1671 652 1702 Hassia
676 1678 828 1712 quatenus
853 1673 942 1703 nacio
969 1673 1096 1703 haberet
1121 1684 1189 1703 eum

282 1727 496 1761 supportatum
511 1727 542 1751 et
553 1728 730 1751 excusatum
746 1722 784 1751 de
799 1721 899 1752 officio
913 1723 1138 1758 nunciacionis,
1150 1725 1188 1753 ad

282 1770 365 1810 quod
389 1771 428 1800 de
453 1780 541 1800 mane
563 1771 662 1800 fuerat
687 1770 820 1806 electus,
851 1771 1040 1812 resignando
1065 1773 1187 1802 nacioni

281 1819 397 1848 dictum
420 1819 552 1849 officium
579 1819 673 1849 certis
695 1819 798 1850 causis
824 1830 892 1850 eum
919 1821 1130 1857 moventibus,
1156 1828 1190 1851 ut

281 1868 413 1904 dicebat,
429 1868 633 1909 regraciando
646 1869 768 1898 nacioni
781 1870 819 1898 de
830 1869 949 1899 honore
962 1870 1022 1899 sibi
1034 1870 1186 1910 impenso.

282 1917 351 1954 Quo
368 1917 472 1947 audito
486 1917 648 1947 videbatur
665 1918 786 1947 nacioni
802 1925 871 1948 ante
882 1919 984 1948 omnia
994 1929 1064 1949 esse
1079 1930 1187 1960 proce-

281 1966 415 1996 dendum
441 1966 479 1995 ad
499 1976 610 1996 novam
630 1966 810 1996 electionem
830 1968 946 1998 nuncii.
971 1968 1009 1998 Et
1027 1975 1114 1998 erant
1129 1979 1187 2009 pro

280 2021 352 2045 tunc
380 2015 411 2044 in
439 2014 568 2045 nacione
598 2015 676 2045 bene
699 2022 764 2046 tres
795 2017 844 2046 vel
875 2024 1008 2057 quatuor
1034 2017 1186 2057 magistri,

280 2074 411 2104 quorum
431 2064 562 2104 quilibet
579 2064 691 2094 obtulit
710 2074 746 2095 se
763 2066 801 2094 ad
819 2067 1035 2096 assumendum
1055 2067 1186 2097 officium

279 2113 504 2149 nunciacionis,
521 2113 547 2143 si
563 2113 686 2143 nacioni
703 2114 850 2154 placeret.
869 2115 909 2145 Et
921 2115 994 2155 quia
1007 2116 1094 2145 nacio
1106 2115 1186 2146 inter

279 2161 380 2192 dictos
402 2162 569 2202 magistros
591 2172 652 2192 non
671 2162 796 2193 videbat
815 2173 955 2204 magnam
975 2164 1185 2194 differenciam

278 2221 481 2251 personarum
497 2212 666 2241 secundum
684 2211 904 2252 ydoneitatem‚
921 2213 1015 2253 elegit
1029 2213 1114 2243 illum
1133 2214 1185 2254 qui

278 2270 336 2300 pro
360 2260 472 2290 minori
494 2260 624 2300 pecunie
650 2270 768 2291 summa
794 2261 908 2291 dictum
932 2262 1063 2292 officium
1086 2263 1185 2292 facere

277 2309 381 2339 vellet.
416 2308 455 2339 Et
485 2309 559 2349 quia
585 2309 742 2350 aliquibus
771 2310 910 2350 ipsorum
939 2312 1118 2351 petentibus
1146 2313 1185 2342 80

278 2358 404 2394 francis,
425 2357 581 2398 aliquibus
597 2360 647 2395 60,
669 2365 699 2389 et
713 2359 783 2389 aliis
798 2360 848 2395 50,
872 2360 1020 2400 magister
1037 2361 1184 2392 Nicolaus

278 2406 414 2437 Grenlau
433 2406 544 2437 Scotus
558 2407 652 2438 vellet
666 2409 838 2438 contentari
857 2408 888 2438 in
903 2409 942 2439 40
955 2410 1080 2446 francis,
1094 2411 1183 2440 nacio

277 2455 474 2486 concorditer
504 2456 598 2497 elegit
625 2467 693 2487 eum
721 2456 752 2486 in
779 2457 937 2494 nuncium,
963 2458 1128 2498 injungens
1154 2466 1184 2489 et

277 2504 471 2535 committens
485 2505 546 2534 sibi
564 2511 597 2535 ut
616 2505 783 2546 diligenter
802 2513 833 2536 et
851 2506 984 2536 fideliter
1003 2518 1064 2537 non
1082 2508 1182 2538 solum

276 2553 359 2598 circa
373 2554 570 2594 provisiones
588 2554 819 2595 magistrorum,
839 2556 894 2585 sed
907 2556 1002 2585 eciam
1021 2557 1102 2587 circa
1121 2557 1184 2587 fac-

275 2608 340 2632 tum
354 2602 494 2632 nacionis
510 2603 549 2633 de
572 2603 711 2634 examine
733 2605 814 2644 apud
833 2604 975 2634 Sanctam
995 2604 1182 2636 Genovesam

275 2656 341 2681 toto
358 2661 451 2691 posse
472 2651 637 2688 laboraret,
655 2653 739 2693 quod
757 2653 838 2683 idem
858 2653 1006 2694 magister
1024 2654 1106 2684 bona
1124 2655 1182 2685 fide

276 2700 377 2730 facere
391 2700 544 2740 promisit.

317 2747 363 2778 De
379 2749 410 2778 2·
425 2748 556 2780 articulo
573 2749 803 2781 deliberabatur
818 2752 900 2791 quod
920 2758 992 2792 post
1006 2752 1088 2782 illam
1106 2762 1182 2783 con-

277 2796 493 2837 gregacionem
507 2798 583 2828 nulli
602 2800 858 2839 supervenientes
874 2807 1091 2840 reputarentur
1108 2812 1182 2841 pre-

272 2851 392 2881 sentes.
409 2846 464 2876 sed
485 2847 630 2877 absentes
650 2848 761 2884 solum,
781 2849 827 2878 sic
846 2850 930 2889 quod
953 2850 1023 2879 licet
1040 2850 1181 2890 impone-

306 2942 329 2967 1.
362 2943 393 2967 20
406 2942 530 2968 Octobris.

340 2988 454 3008 Aueun'un
465 2988 589 3009 ctu-naluit
599 2988 686 3010 vntum.
697 2989 763 3010 Parta.
773 3000 799 3006 —
809 2989 826 3011 1.

800 421 913 447 LIBER
933 419 1247 446 PROCURATORUM
1266 419 1446 446 NATIONIS
1465 421 1709 447 ANGLICANAE

1231 940 1265 967 10

1230 1190 1263 1216 15

1229 1434 1263 1460 20

1226 1678 1260 1705 25

1225 1923 1259 1949 30

1223 2167 1257 2194 35

1221 2411 1256 2438 40

1219 2658 1254 2685 45

2162 423 2214 449 370

1305 501 1414 525 rentur
1434 496 1466 525 in
1489 497 1602 531 rotulo,
1622 497 1680 526 hoc
1699 504 1798 527 tamen
1819 504 1902 527 esset
1921 504 1990 537 post
2009 509 2116 527 omnes
2138 509 2212 538 pre-

1304 550 1421 580 sentes,
1433 545 1548 574 nemini
1560 546 1755 585 presencium
1766 545 1988 586 prejudicando
2001 547 2031 575 in
2043 547 2211 577 collacione

1304 593 1352 623 vel
1366 594 1610 634 supplicacione.
1631 595 1706 624 Item
1724 595 1926 624 deliberatum
1938 602 2004 625 erat
2022 597 2115 625 eciam
2128 598 2210 635 quod

1303 642 1434 682 quilibet
1451 644 1670 683 magistrorum
1691 644 1885 683 presencium
1902 645 1989 674 daret
2012 655 2104 674 unum
2128 646 2212 674 sran-

1303 702 1372 721 cum
1388 702 1446 732 pro
1461 692 1659 732 impositione
1675 694 1723 722 sui
1742 693 1773 722 in
1789 693 1890 722 rotulo
1905 694 1943 722 ad
1955 704 2030 723 usus
2048 695 2164 729 nuncii,
2183 702 2213 724 et

1303 751 1361 780 pro
1383 741 1639 771 inrotulatoribus
1659 743 1738 772 duos
1763 742 1900 778 solidos;
1929 743 2073 772 absentes
2094 754 2167 772 vero
2192 743 2210 783 ij

1303 790 1425 820 francos
1440 801 1498 830 pro
1514 791 1638 826 nuncio,
1652 797 1682 820 et
1694 801 1753 831 pro
1764 791 2020 821 inrotulatoribus
2032 791 2064 831 iij
2080 793 2208 822 solidos.

1303 839 1343 868 Et
1357 840 1430 879 quia
1447 839 1535 869 nacio
1549 850 1610 869 non
1626 846 1747 880 poterat
1765 840 1903 879 prescire
1918 851 2079 870 numerum
2095 843 2210 881 presci-

1302 899 1370 918 sum
1388 889 1562 918 volencium
1583 889 1656 928 poni
1675 889 1707 918 in
1726 889 1839 924 rotulo,
1861 899 1917 919 nec
1939 900 1994 929 per
2014 900 2210 930 consequens

1301 937 1464 967 certificari
1480 948 1530 973 an,
1552 948 1620 968 cum
1641 945 1758 968 tantum
1776 938 1937 968 collectum
1959 945 2042 968 esset
2057 940 2095 969 de
2112 941 2211 980 magi-

1301 987 1377 1016 stris
1400 987 1611 1027 imponendis,
1634 987 1703 1027 ipsa
1726 994 1833 1028 posset
1851 988 2028 1018 satisfacere
2050 989 2163 1018 nuncio
2182 996 2212 1018 et

1301 1035 1425 1065 bedello
1459 1036 1627 1072 communi,
1663 1037 1774 1066 nolens
1801 1037 1895 1066 eciam
1930 1038 2013 1077 quod
2042 1038 2209 1078 quidquam

1301 1085 1414 1114 nuncio
1432 1085 1480 1115 vel
1495 1086 1616 1115 bedello
1634 1086 1760 1116 daretur
1773 1087 1811 1115 de
1828 1087 1958 1126 pecunia
1979 1086 2131 1122 nacionis,
2153 1098 2209 1117 nec

1301 1140 1334 1163 ut
1348 1134 1416 1174 ipsa
1435 1136 1654 1174 quoquomodo
1673 1145 1729 1175 per
1748 1135 1882 1164 rotulum
1899 1142 2081 1175 gravaretur
2099 1148 2105 1164 z
2125 1146 2211 1165 com-

1301 1183 1386 1213 misit
1406 1183 1662 1214 inrotulatoribus
1682 1191 1715 1214 ut
1731 1195 1747 1213 a
1770 1184 1854 1214 nullo
1873 1184 2022 1224 magistro
2045 1195 2209 1215 recessuro

1301 1232 1477 1272 reciperent
1495 1233 1756 1272 supplicaciones,
1782 1233 1843 1263 nisi
1864 1234 1934 1263 data
1956 1234 2101 1264 caucione
2125 1234 2209 1264 suffi-

1301 1281 1405 1311 cienti.
1421 1282 1511 1319 Quod
1527 1282 1553 1311 si
1569 1289 1699 1322 propter
1713 1283 1895 1322 paucitatem
1911 1283 2128 1323 magistrorum
2147 1294 2210 1314 non

1301 1337 1409 1370 posset
1423 1331 1567 1360 satisfieri
1583 1331 1696 1361 nuncio
1711 1332 1749 1361 de
1765 1342 1882 1362 summa
1900 1342 1994 1371 supra
2010 1339 2120 1368 taxata,
2141 1333 2209 1373 ipse

1301 1379 1349 1408 vel
1360 1379 1439 1409 alius
1455 1380 1579 1410 nomine
1599 1381 1646 1410 sui
1665 1381 1856 1410 satisfaceret
1871 1381 1908 1410 de
1921 1381 2049 1411 residuo
2061 1389 2206 1421 quantum

1300 1427 1360 1458 sibi
1383 1435 1572 1468 competeret
1594 1439 1652 1469 pro
1676 1440 1811 1469 persona
1832 1440 1902 1465 sua,
1931 1440 1969 1459 ne
1993 1438 2156 1470 presentes
2178 1438 2209 1460 et

1299 1478 1495 1516 permansuri
1518 1478 1598 1508 ultra
1625 1489 1679 1508 eos
1707 1485 1921 1518 gravarentur.
1954 1479 1987 1508 Si
2018 1490 2092 1508 vero
2115 1481 2208 1520 quid-

1300 1537 1390 1566 quam
1403 1526 1577 1557 residuaret
1593 1527 1642 1557 vel
1657 1535 1959 1567 superexcresceret,
1978 1529 2099 1558 nacioni
2116 1529 2206 1558 relin-

1299 1582 1458 1616 queretur.

1340 1625 1492 1663 Quantum
1505 1626 1544 1655 ad
1560 1626 1617 1655 3⁰¹¹·
1629 1626 1790 1656 articulum
1803 1626 2056 1666 supplicaverunt
2067 1627 2207 1667 magistri

1299 1674 1475 1704 Everardus
1493 1675 1531 1704 de
1547 1674 1722 1715 Maguncia,
1739 1675 1873 1704 Thomas
1885 1675 2008 1711 Scotus,
2026 1676 2206 1706 Tilmannus

1298 1723 1336 1752 de
1363 1723 1476 1753 Sancto
1498 1723 1581 1759 Vito,
1606 1730 1636 1753 et
1658 1723 1802 1754 Galterus
1822 1725 1924 1754 dictus
1948 1726 1986 1754 de
2009 1725 2127 1761 Renen‚
2152 1726 2205 1765 qui

1298 1778 1430 1812 protunc
1458 1779 1608 1802 venerant
1634 1774 1672 1802 de
1701 1773 1895 1809 Aurelianis,
1932 1781 2083 1814 quatenus
2117 1775 2206 1805 nacio

1297 1821 1425 1851 haberet
1442 1831 1496 1851 eos
1519 1832 1577 1862 pro
1598 1823 1796 1862 presentibus
1819 1823 1850 1852 in
1874 1823 2077 1862 imposicione
2099 1825 2203 1854 rotuli.

1298 1870 1435 1908 Quorum
1459 1871 1651 1911 supplicacio
1683 1872 1738 1901 suit
1768 1882 1928 1907 concessa,
1962 1873 2126 1902 dummodo
2159 1873 2204 1902 illi

1297 1919 1349 1960 qui
1381 1930 1442 1950 non
1471 1921 1687 1950 satisfecerunt
1713 1922 1751 1950 de
1774 1920 1912 1961 jocundo
1938 1921 2066 1951 introitu
2097 1932 2203 1952 eorum

1296 1968 1328 1998 in
1353 1969 1483 2008 primam
1505 1970 1795 2010 congregacionem,
1817 1971 1854 2000 de
1875 1971 1953 2000 sacto
1977 1971 2200 2001 satisfacerent.

1296 2017 1387 2056 Quod
1403 2019 1503 2048 facere
1515 2019 1671 2059 negabant
1683 2019 1824 2059 magistri
1835 2019 1969 2049 Thomas
1986 2020 2108 2050 Marcet·
2124 2021 2202 2050 Sco-

1294 2073 1345 2097 tus
1369 2073 1399 2097 et
1420 2067 1564 2097 Galterus
1589 2068 1746 2104 antedicti,
1773 2075 1803 2098 et
1823 2069 1875 2098 alii
1900 2079 1961 2098 non
1985 2070 2148 2105 debebant,
2173 2076 2204 2099 et

1294 2126 1352 2156 per
1368 2126 1563 2156 consequens
1583 2127 1689 2147 eorum
1708 2118 1898 2157 supplicacio
1919 2118 2013 2154 nulla,
2037 2119 2108 2158 quia
2122 2119 2201 2148 nite-

1294 2165 1406 2195 bantur
1439 2166 1545 2195 venire
1582 2173 1691 2196 contra
1725 2167 1908 2196 laudabilem
1948 2168 2202 2197 consuetudinem

1293 2215 1433 2244 nacionis
1449 2221 1564 2244 nostre.

1334 2262 1409 2293 Item
1427 2263 1477 2293 die
1494 2263 1670 2294 dominico⁴
1694 2265 1836 2304 sequenti
1855 2265 1932 2295 sacta
1952 2266 2201 2305 congregacione

1293 2313 1430 2352 generali
1446 2314 1527 2353 apud
1538 2313 1683 2343 Sanctum
1695 2313 1881 2344 Maturinum
1893 2315 1930 2344 ad
1942 2315 2153 2355 prefigendum
2170 2322 2200 2345 et

1293 2361 1544 2402 restringendum
1562 2369 1694 2402 tempus,
1710 2363 1789 2393 infra
1804 2364 1887 2403 quod
1903 2363 2002 2393 solum
2020 2363 2198 2404 recipiende

1293 2417 1399 2440 essent
1432 2411 1682 2451 supplicaciones
1717 2412 1936 2452 magistrorum
1967 2419 1998 2442 ct
2032 2413 2063 2442 in
2098 2413 2199 2443 rotulo

1292 2459 1490 2495 admittende‚
1507 2461 1709 2491 deliberatum
1721 2468 1786 2491 erat
1799 2468 1832 2491 ut
1845 2462 1924 2491 infra
1937 2463 2045 2491 festum
2060 2461 2198 2498 Martini,

1293 2514 1323 2538 et
1337 2518 1399 2538 non
1414 2509 1505 2545 ultra,
1520 2509 1683 2550 quisquam
1699 2511 1921 2541 admitteretur.

1697 2603 1794 2633 1370

1311 2672 1561 2704 Continuacio
1593 2674 1765 2714 magistri
1795 2674 1951 2704 Jordani
1983 2675 2025 2704 de
2057 2675 2176 2705 Clivis

1563 2723 1599 2752 in
1631 2730 1926 2763 procuratorem.

1330 2802 1405 2832 Item
1430 2803 1480 2832 die
1498 2803 1568 2833 lune
1589 2804 1742 2843 sequenti,
1755 2814 1814 2843 que
1833 2804 1887 2833 suit
1907 2803 1989 2833 xxia
2008 2804 2057 2833 die
2080 2805 2196 2834 mensis

1289 2850 1447 2886 Octobris,
1478 2853 1555 2882 sacta
1585 2854 1830 2892 congregacione
1860 2852 1998 2882 nacionis
2024 2853 2196 2893 Anglicane

2089 2996 2112 3014 ²⁴
