2632 3464
446 438 494 463 407

443 523 599 546 summam,
617 511 885 551 promiseruntque
901 507 973 536 dicti
991 506 1128 546 magistri
1147 504 1341 534 concorditer

443 563 564 592 nomine
581 560 730 593 nacionis,
751 559 832 597 quod
844 558 869 586 si
885 556 1053 596 predictam
1067 555 1224 594 pecuniam
1235 559 1343 593 posset

442 612 580 641 obtinere
610 620 627 638 a
652 608 799 647 magistro
820 605 967 635 Michaele
993 604 1141 644 predictO,
1166 603 1247 642 quod
1271 608 1342 631 tunc

442 659 564 689 nomine
586 657 723 687 nacionis
750 656 809 685 sibi
831 655 917 684 daret
940 664 1031 683 unum
1057 663 1112 692 par
1127 652 1291 690 caligarum
1312 651 1342 679 in

442 717 671 747 recompensam
692 704 807 734 laboris
823 704 880 733 sui.
900 703 958 740 Qui
975 701 1121 741 magister
1138 701 1285 730 Albertus
1305 701 1342 728 ad

443 759 500 787 hoc
514 767 601 786 suum
617 755 740 795 prebuit
757 763 954 783 consensum.

484 807 556 836 Item
575 806 624 834 die
641 804 723 833 XVl·
738 803 786 831 die
809 801 923 830 mensis
939 799 1120 829 Decembris
1141 808 1220 827 anno
1236 798 1342 827 eodem

446 857 521 885 sacta
538 852 781 893 congregacione
798 850 935 879 nacionis
957 850 994 877 ad
1015 848 1198 877 audiendum
1217 857 1344 886 compo-

443 912 506 934 tum
516 902 697 942 receptoris‚
711 900 852 930 omnibus
865 898 1020 927 defalcatis
1030 897 1176 926 remansit
1184 896 1271 925 nacio
1284 895 1344 924 sibi

443 954 559 982 debens
571 951 625 980 XX
638 951 732 979 libras
741 949 836 988 paris.
855 947 954 976 minus
964 957 1024 976 uno
1036 946 1173 980 denario,
1187 944 1344 973 defalcatis

443 1003 560 1031 duabus
577 1000 664 1029 libris
682 1009 738 1038 pro
757 997 910 1036 stipendio
927 995 1108 1035 receptoris.

850 1089 943 1118 1371

445 1163 515 1202 (Fol.
550 1161 624 1200 29¹²)
664 1160 752 1188 Acta
790 1159 825 1187 in
863 1157 1133 1197 procuracione
1175 1155 1345 1194 magistri

651 1207 835 1237 Gerhardi
869 1208 911 1235 de
941 1207 1133 1245 Hoyngen.

485 1292 574 1320 Anno
602 1288 725 1318 Domini
748 1288 792 1317 Μ0
812 1286 927 1316 CCC¹¹¹⁰
947 1286 1026 1315 LXX
1051 1286 1163 1325 primm
1186 1285 1236 1313 die
1263 1290 1347 1313 sexta

446 1341 562 1369 decima
575 1338 690 1367 mensis
701 1336 892 1370 Decembris,
908 1336 984 1364 facta
995 1334 1234 1373 congregatione
1246 1333 1346 1362 nacio-

447 1390 494 1418 nis
512 1387 681 1427 Anglicane
699 1386 779 1425 apud
798 1385 940 1414 Sanctum
957 1384 1142 1412 Maturinum
1166 1384 1202 1412 ad
1228 1382 1348 1421 eligen-

445 1439 515 1467 dum
547 1442 776 1476 procuratorem
810 1441 840 1463 et
873 1434 910 1462 ad
941 1433 1124 1462 audiendum
1159 1438 1345 1471 computum,

446 1485 631 1526 computavit
646 1490 798 1523 receptor,
818 1490 848 1512 et
865 1483 1007 1512 omnibus
1025 1481 1182 1510 defalcatis
1202 1480 1349 1509 remansit

446 1535 533 1564 nacio
544 1534 603 1563 sibi
617 1535 734 1562 debens
742 1532 796 1561 XX
810 1531 905 1560 libras
916 1531 1010 1570 paris.
1025 1531 1126 1559 minus
1136 1540 1196 1559 uno
1207 1529 1346 1564 denario,

447 1582 673 1613 connumeratis
689 1581 708 1621 ij
726 1581 814 1610 libris
835 1591 891 1620 pro
907 1580 1061 1619 stipendio
1077 1579 1259 1618 receptoris.

488 1634 560 1661 ltem
579 1632 693 1661 electus
712 1631 767 1659 fuit
784 1630 929 1669 magister
945 1629 1123 1658 Gerhardus
1141 1629 1178 1657 de
1195 1628 1348 1667 Hoyngen

448 1681 643 1711 concorditer
659 1690 715 1719 pro
731 1686 802 1708 tunc
820 1679 850 1708 in
872 1685 1099 1718 procuratorem
1114 1687 1170 1717 per
1183 1677 1348 1716 magistros

450 1730 589 1759 nacionis
606 1735 776 1768 presentes.

490 1780 562 1808 Item
574 1779 680 1807 eodem
696 1778 745 1806 die
765 1777 964 1806 deliberatum
981 1782 1046 1805 erat
1064 1776 1178 1804 intrare
1193 1776 1349 1804 tabernam

448 1829 485 1857 ad
502 1828 724 1867 perpotandum
739 1836 848 1855 novum
864 1831 1105 1864 procuratorem.
1127 1824 1199 1853 lstis
1215 1824 1258 1853 sic
1277 1823 1350 1852 deli-

449 1877 563 1906 beratis
578 1876 664 1904 nacio
678 1875 800 1904 intravit
813 1876 967 1904 tabernam
984 1873 1037 1914 [et]
1049 1873 1242 1912 consumpsit
1250 1872 1349 1902 XVIII

450 1926 578 1960 solidos,
591 1925 662 1954 VIII
679 1924 837 1959 denarios,
852 1934 930 1962 quos
943 1923 1036 1952 solvit
1047 1933 1144 1952 novus
1156 1929 1348 1961 procurator.

853 2017 949 2046 1372

451 2088 598 2128 (Fol.30).
624 2089 711 2117 Acta
743 2088 777 2117 in
806 2088 1076 2128 procuracione
1103 2087 1283 2117 ,iohannis
1311 2088 1352 2116 de

729 2137 921 2176 Rayntona
952 2137 1064 2166 Scoti.

491 2218 580 2246 Anno
602 2217 724 2245 Domini
747 2217 812 2246 Μιῐιο
831 2216 945 2246 CCC¹¹¹⁰
966 2217 1096 2246 LXX1¹¹¹⁰
1114 2218 1280 2246 secundum
1297 2217 1354 2246 sti-

452 2267 511 2295 lum
534 2265 750 2306 gailicanum⁴‚
779 2266 893 2294 mensis
920 2266 1056 2295 Januarii
1077 2267 1127 2295 die
1151 2266 1248 2300 xlma,
1273 2267 1354 2305 apud

453 2316 595 2344 Sanctum
623 2315 807 2343 Maturinum
835 2315 911 2344 facta
939 2315 1184 2354 congregacione
1215 2315 1354 2344 nacionis

452 2364 620 2403 Anglicane
643 2364 679 2392 ad
700 2364 873 2402 eligendum
896 2370 1142 2403 procuratorem,
1166 2365 1204 2392 ad
1225 2364 1354 2393 audien-

452 2415 522 2442 dum
538 2419 711 2452 compotum
731 2412 845 2441 domini
866 2413 1047 2451 receptoris,
1074 2419 1103 2441 et
1127 2414 1164 2441 ad
1179 2413 1354 2452 eligendum

453 2462 674 2490 examinatores
700 2468 758 2490 tam
784 2461 931 2490 examinis
958 2462 1049 2490 Beate
1077 2461 1232 2491 Genovefe
1264 2473 1353 2501 quam

453 2511 674 2539 examinatores
693 2510 974 2545 determinandum,
994 2511 1108 2539 electus
1126 2511 1181 2540 suit
1198 2511 1229 2540 in
1240 2521 1354 2550 procu-

454 2566 583 2588 ratorem
613 2559 752 2587 nacionis
789 2560 927 2598 predicte
959 2559 1105 2598 magister
1134 2560 1290 2589 ,lohannes
1317 2561 1354 2589 de

455 2609 614 2647 Rayntona
634 2608 744 2636 Scotus
759 2618 796 2636 ex
819 2618 971 2637 consensu
990 2608 1206 2647 magistrorum
1225 2619 1355 2648 presen-

455 2657 543 2685 cium.
590 2657 623 2685 ln
657 2655 743 2695 cujus
782 2657 1001 2695 procuracione
1039 2664 1104 2686 acta
1141 2659 1259 2687 fuerant
1296 2668 1354 2697 que

456 2711 636 2743 sequuntur.

495 2753 567 2782 Item
585 2754 682 2792 primo
699 2760 853 2793 repertum
872 2761 936 2783 erat
951 2765 1006 2793 per
1020 2755 1182 2794 registrata
1198 2756 1354 2795 superius,

456 2803 536 2840 quod
550 2802 637 2831 nacio
650 2803 773 2831 domino
788 2803 940 2842 receptori
953 2805 1112 2833 tenebatur
1125 2805 1266 2833 omnibus
1276 2815 1355 2833 com-

492 2877 510 2899 l.
546 2878 622 2900 Sec...
637 2878 903 2907 gutlic.1'nterlineas.

492 2913 514 2934 2.
548 2914 566 2935 Ι.
581 2921 600 2934 e.
616 2913 744 2936 Havrlem.

982 429 1203 456 AUCTARIUM
1224 428 1482 454 CHARTULARII
1503 428 1675 455 UNIVERS.
1698 428 1815 455 PARIS.

1382 948 1416 973 10

1384 1192 1417 1217 15

1385 1437 1419 1462 20

1387 1681 1420 1706 25

1389 1927 1423 1952 30

1391 2171 1425 2197 35

1392 2417 1425 2443 40

1393 2662 1426 2688 45

2304 430 2356 456 408

1450 505 1564 544 putatis
1579 511 1609 534 et
1625 504 1783 534 defalcatis
1806 505 1836 534 in
1860 505 1915 534 XX
1938 504 2026 533 libris
2043 505 2208 544 parisiens.
2228 506 2356 535 denario

1450 560 1590 593 excepto,
1608 554 1834 583 connumeratis
1852 560 1950 583 tamen
1969 552 1988 593 ij
2006 553 2095 583 libris
2114 563 2171 593 pro
2191 554 2357 594 stipendiis

1450 603 1634 642 receptoria,
1649 609 1678 632 et
1691 613 1789 642 usque
1804 604 1841 631 ad
1857 609 2031 641 presentem
2044 602 2124 632 diem
2140 602 2220 632 ultra
2234 603 2357 632 minime

1451 652 1581 690 recepit.

1492 700 1566 730 Item
1585 701 1616 729 2ο
1630 700 1662 729 in
1679 701 1784 730 eadem
1804 700 2050 740 congregacione
2069 700 2252 730 deliberavit
2269 700 2357 730 nacio

1451 755 1481 778 et
1493 749 1586 789 elegit
1598 749 1629 778 in
1645 749 1870 778 examinatores
1880 749 1990 778 Sancte
2002 748 2158 778 Genovefe
2171 759 2228 788 pro
2237 749 2358 778 duobus

1452 798 1610 827 mensibus
1643 798 1825 838 magistrum
1857 797 2053 827 Guillelmum
2075 798 2114 827 de
2137 797 2301 827 Wadenou
2329 804 2361 827 et

1452 847 1632 887 magistrum
1663 847 1819 876 Galterum
1852 847 1889 876 de
1915 846 1996 881 Delf,
2019 846 2147 876 alterum
2171 856 2276 876 eorum
2302 856 2359 886 pro

1452 906 1557 925 mense
1579 902 1798 935 consequente,
1821 896 1875 925 sed
1898 896 1980 935 quod
2005 895 2154 935 magister
2175 894 2358 925 Guillelmus

1452 945 1634 984 precederet
1651 944 1831 984 magistrum
1850 943 2020 973 Galterum.
2036 944 2076 973 Et
2092 954 2154 974 non
2165 943 2357 984 juraverunt.

1495 994 1568 1023 Item
1584 994 1616 1022 3⁰
1631 1004 1687 1032 per
1703 999 1767 1022 tres
1785 993 1953 1033 magistros
1968 993 2159 1032 antiquiores
2178 994 2216 1022 de
2231 993 2359 1022 nacione

1454 1042 1543 1071 electi
1573 1043 1695 1072 suerunt
1718 1042 1750 1070 in
1781 1042 2003 1072 examinatores
2031 1042 2303 1071 determinancium
2330 1047 2361 1071 et

1449 1091 1544 1131 jurati
1560 1091 1708 1131 magister
1725 1090 1883 1120 Marsilius
1903 1092 1941 1120 de
1962 1091 2101 1130 Ingham‚
2118 1091 2266 1131 magister
2284 1090 2360 1120 Her-

1454 1150 1583 1169 mannus
1610 1141 1648 1170 de
1674 1140 1873 1169 Bodtenburc
1902 1147 1931 1169 et
1958 1139 2106 1180 magister
2134 1139 2290 1169 Jordanus
2322 1139 2360 1169 de

1456 1189 1574 1228 Clyvis.

1497 1238 1569 1268 ltem
1584 1239 1615 1267 4⁰
1632 1238 1715 1267 finita
1735 1237 1979 1277 congregacione
1993 1247 2030 1266 ex
2041 1247 2196 1266 consensu
2209 1237 2362 1266 communi

1454 1288 1611 1317 tabernam
1629 1287 1753 1316 intravit
1768 1287 1855 1315 nacio
1872 1287 1915 1315 ad
1926 1287 2064 1315 leuchiam
2083 1286 2113 1315 in
2126 1286 2194 1315 vieo
2211 1285 2361 1325 Cythare‚

1455 1343 1485 1366 et
1501 1336 1615 1365 ibidem
1637 1346 1705 1365 cum
1728 1336 1912 1375 quibusdam
1936 1335 2064 1364 annexis
2083 1335 2223 1374 exposite
2240 1335 2363 1364 fuerunt

1455 1386 1473 1414 3
1489 1386 1567 1414 libre
1585 1396 1652 1414 cum
1669 1386 1704 1414 12
1719 1385 1828 1414 solidis
1841 1384 1948 1423 paris,
1967 1385 2004 1413 de
2016 1394 2076 1423 qua
2089 1394 2204 1413 summa
2214 1383 2363 1423 magister

1456 1435 1470 1464 J
1474 1434 1611 1463 ohannes
1619 1435 1656 1463 de
1666 1435 1828 1473 Rayntona
1837 1434 1874 1462 de
1884 1443 1964 1462 novo
1973 1439 2155 1472 procurator
2166 1432 2259 1462 solvit
2266 1442 2359 1461 unum

1457 1485 1603 1518 francum,
1626 1489 1655 1512 et
1674 1483 1814 1522 magistri
1830 1482 1992 1511 Gillelmus
2008 1488 2038 1511 et
2056 1481 2199 1511 Galterus
2220 1482 2258 1510 de
2278 1490 2361 1511 novo

1457 1533 1680 1562 examinatores
1700 1532 1860 1561 solverunt
1878 1532 1957 1560 duos
1977 1531 2115 1566 francos,
2134 1536 2165 1559 et
2182 1530 2226 1560 sic
2242 1540 2363 1559 reman-

1457 1588 1564 1611 serunt
1578 1582 1616 1610 23
1632 1581 1723 1610 solidi
1742 1580 1894 1615 solvendi,
1913 1590 1950 1609 ex
1968 1590 2030 1619 quo
2047 1589 2127 1609 unus
2146 1579 2363 1618 magistrorum

1457 1630 1569 1671 optulit
1582 1630 1704 1659 nacioni
1721 1639 1754 1659 se
1772 1629 1943 1659 soluturum
1959 1639 2052 1658 unum
2069 1629 2206 1657 francum
2220 1634 2363 1667 tanquam

1458 1680 1488 1709 in
1523 1680 1624 1709 futuro
1653 1679 1790 1718 plenarie
1812 1678 1944 1707 solutum
1970 1687 2026 1717 pro
2052 1677 2199 1717 magistro
2225 1677 2364 1706 Sandero

1459 1728 1562 1763 Fabri,
1587 1728 1711 1757 nomine
1733 1727 1946 1767 procuratorie
1968 1737 2023 1756 sue
2044 1727 2081 1755 de
2106 1736 2185 1756 novo
2211 1726 2310 1755 fiende
2332 1725 2364 1754 in

1459 1778 1593 1808 secunda
1617 1777 1777 1810 electione,
1800 1776 1849 1806 vel
1872 1776 1994 1815 quando
2016 1775 2166 1814 placuerit
2192 1775 2312 1804 nacioni
2332 1774 2364 1803 in

1459 1826 1660 1866 sequentibus
1683 1836 1751 1855 eum
1773 1825 1905 1865 eligere;
1934 1824 2078 1853 residuos
2104 1825 2129 1858 8,
2148 1823 2266 1853 solidos
2293 1823 2364 1852 defi-

1460 1876 1576 1905 cientes
1592 1874 1684 1904 solvit
1703 1875 1850 1914 magister
1867 1873 2000 1902 Thomas
2021 1874 2058 1902 de
2081 1871 2208 1902 Arlam²
2227 1873 2285 1902 sub
2309 1882 2364 1912 spe

1459 1923 1762 1964 recompensacionis
1771 1924 1801 1952 in
1811 1923 1959 1952 electione
1971 1922 2109 1961 proxime
2120 1921 2363 1961 procuracionis.

1867 2015 1964 2045 1372

1462 2089 1551 2119 Acta
1582 2090 1617 2118 in
1645 2087 1918 2129 procuracione
1951 2087 2083 2116 Thome
2108 2087 2150 2115 de
2182 2085 2364 2115 Haerlem.

1502 2170 1592 2199 Anno
1612 2169 1735 2198 Domini
1752 2168 1797 2196 M⁰
1813 2167 1907 2197 CCC⁰
1918 2167 2038 2202 LXXP,
2053 2166 2175 2195 decimo
2187 2166 2236 2195 die
2251 2165 2367 2195 mensis

1464 2218 1635 2252 Februarii,
1665 2219 1740 2246 facta
1763 2216 2009 2256 congregacione
2032 2215 2172 2244 nacionis
2197 2214 2367 2254 Anglicane

1463 2268 1500 2296 ad
1517 2267 1692 2306 eligendum
1709 2272 1939 2306 procuratorem
1956 2271 1985 2294 et
1997 2265 2035 2293 ad
2046 2263 2231 2293 audiendum
2244 2273 2368 2302 compu-

1462 2323 1525 2346 tum
1551 2316 1666 2345 domini
1692 2315 1864 2354 receptoris
1888 2314 1969 2353 apud
1995 2313 2140 2342 Sanctum
2168 2312 2366 2347 Maturinum,

1463 2365 1557 2394 nichil
1577 2364 1764 2404 computavit
1786 2369 1940 2402 receptor,
1962 2362 2034 2402 quia
2052 2372 2114 2390 non
2136 2367 2201 2390 erat
2219 2371 2366 2400 presens;

1462 2424 1568 2444 verum
1584 2414 1674 2443 etiam
1694 2412 1789 2442 nichil
1804 2411 1930 2451 recepit.
1954 2411 2079 2440 Electus
2099 2410 2154 2439 suit
2171 2409 2202 2438 in
2220 2419 2369 2448 procura-

1463 2469 1560 2492 torem
1590 2462 1726 2502 ejusdem
1754 2461 1893 2490 nacionis
1923 2460 2056 2489 Thomas
2087 2460 2124 2488 de
2155 2458 2309 2493 Haerlem‚
2337 2457 2369 2487 in

1463 2512 1549 2551 cujus
1563 2511 1784 2551 procuracione
1807 2516 1873 2539 acta
1890 2510 2012 2539 fuerunt
2031 2508 2086 2537 hec
2103 2518 2162 2547 que
2185 2513 2368 2547 sequuntur.

1505 2561 1538 2589 ln
1556 2559 1672 2600 prim0⁴
1690 2561 1767 2588 facta
1780 2557 2026 2598 congregacione
2043 2556 2182 2585 nacionis
2197 2556 2369 2595 Anglicane

1463 2611 1544 2649 apud
1552 2609 1695 2638 Sanctum
1706 2608 1858 2638 sulianum
1868 2606 2030 2636 undecimo
2043 2605 2093 2634 die
2107 2605 2223 2634 mensis
2237 2605 2370 2633 Februa—

1464 2658 1502 2687 rii
1516 2659 1552 2687 ad
1567 2658 1815 2697 supplicandum,
1832 2655 2084 2695 supplicaverunt
2098 2654 2220 2693 quidam
2234 2652 2370 2682 scolares

1464 2708 1529 2737 sive
1555 2706 1793 2735 determinantes
1819 2715 1875 2744 pro
1896 2703 2047 2733 dilacione
2065 2702 2194 2742 pecunie
2222 2701 2370 2730 solvende

1465 2766 1521 2795 pro
1539 2766 1644 2784 eorum
1659 2754 1928 2784 determinacione.
1947 2752 2048 2791 Super
2062 2761 2191 2790 quorum
2212 2750 2370 2790 supplica-

1464 2805 1605 2834 cionibus
1625 2810 1690 2833 erat
1709 2803 1910 2832 deliberatum
1932 2801 2138 2835 concorditer,
2163 2800 2245 2839 quod
2267 2798 2370 2828 nullus

1495 2880 1518 2903 1.
1551 2881 1579 2902 In
1599 2882 1655 2902 ma·⁰
1671 2877 1834 2910 congregatio
1852 2877 1878 2900 11
1897 2875 2031 2899 Februarii
2048 2875 2153 2906 ponitur
2168 2876 2228 2906 post
2246 2873 2317 2897 illam
2333 2871 2371 2896 16ί

1464 2915 1600 2938 Februarii
1610 2915 1687 2946 (quae
1698 2913 1790 2936 ibidem
1804 2912 1891 2944 incipit
1903 2913 1931 2935 ln
1942 2911 2037 2943 primo,
2052 2910 2098 2934 illa
2111 2918 2168 2934 vero
2179 2910 2205 2933 11
2220 2907 2371 2933 Februarii:

1465 2950 1547 2982 Item),
1559 2953 1583 2974 et
1594 2949 1695 2981 quidem
1701 2952 1760 2980 post
1773 2948 1874 2972 tertium
1892 2947 2100 2970 determinantem
2111 2954 2138 2977 p.
2151 2946 2206 2974 409,
2218 2945 2257 2968 36.
