2632 3464
432 428 481 454 757
968 426 1190 452 AUCTARIUM
1215 426 1472 453 CHARTULARII
1496 428 1669 456 UNIVERS.
1691 430 1809 456 PARIS.
2291 434 2342 460 768

431 504 517 533 sione
533 503 618 543 regis
634 503 734 532 habita
751 503 781 532 in
793 502 923 532 consilio
939 512 1006 537 suo,
1018 508 1047 531 et
1063 503 1218 542 quomodo
1231 502 1331 532 domi-

428 563 487 582 nus
502 559 604 581 rector
619 552 671 581 illa
686 562 744 591 que
765 551 844 586 facit,
862 551 932 580 facit
946 557 1054 580 contra
1068 561 1254 581 concensum
1274 562 1331 581 na-

429 602 526 631 cionis
542 601 723 640 simpliciter
735 607 765 630 et
778 600 929 635 absolute,
940 599 1026 639 cujus
1042 600 1219 639 oppositum
1229 607 1329 630 tamen

429 651 527 680 facere
545 650 689 690 promisit
708 650 739 678 in
759 649 886 678 nacione
909 649 941 678 in
964 659 1020 678 sua
1044 649 1203 679 electione.
1225 650 1266 679 Et
1289 650 1330 679 ita

427 700 535 728 sactum
552 705 599 728 est
614 709 670 738 per
685 698 840 727 dominum
854 704 1098 740 procuratorem.

467 748 567 787 Super
584 749 615 777 3⁰
629 748 829 777 deliberatum
848 747 903 776 fuit
922 747 1117 776 concorditer
1131 757 1188 787 per
1207 758 1326 783 omnes,

426 798 508 836 quod
525 797 666 826 dominus
682 802 865 836 procurator
879 795 1061 836 adjungeret
1078 806 1111 826 se
1126 796 1195 826 aliis
1212 807 1328 836 procu-

425 846 580 875 ratoribus
594 846 624 874 in
638 846 697 874 isto
716 847 805 880 facto,
816 851 845 874 et
858 846 940 884 quod
953 846 1066 875 faceret
1082 855 1150 875 cum
1167 845 1229 875 illis
1243 846 1326 885 quic-

425 895 499 935 quid
517 895 560 924 eis
583 895 750 934 expediens
767 895 924 924 videretur
942 904 998 934 pro
1016 894 1106 929 sacto,
1126 901 1155 923 et
1170 895 1227 924 hoc
1246 905 1327 924 sem-

426 954 481 983 per
496 944 526 972 in
543 945 654 972 bonum
669 950 698 972 et
721 944 758 972 ad
774 943 1028 982 prosecucionem
1044 943 1252 973 conclusionis
1268 951 1327 973 tra-

425 993 486 1021 dite
498 1003 555 1032 per
569 992 806 1021 Universitatem
817 992 940 1021 domino
957 992 1035 1031 regi,
1051 998 1081 1021 et
1099 992 1156 1021 hoc
1172 1003 1240 1022 cum
1257 1003 1326 1022 con-

424 1041 494 1070 silio
510 1041 682 1080 aliquorum
698 1041 916 1080 magistrorum
932 1042 963 1070 in
979 1042 1039 1071 isto
1054 1042 1142 1071 facto.

465 1090 565 1129 Super
580 1091 611 1118 20
628 1097 657 1119 et
669 1090 700 1118 30
715 1090 844 1119 articulo
865 1090 958 1119 nichil
979 1097 1112 1130 protunc
1130 1097 1194 1119 erat
1214 1097 1324 1126 actum,

423 1145 452 1168 et
466 1139 523 1168 hoc
539 1149 574 1167 ex
588 1139 640 1167 illa
648 1149 750 1173 causa,
763 1145 796 1168 ut
808 1139 927 1178 primus
945 1139 1092 1169 articulus
1106 1139 1215 1168 melius
1230 1149 1326 1179 expe-

422 1188 550 1222 diretur,
570 1195 600 1217 et
620 1188 713 1217 eciam
730 1188 802 1227 quia
819 1189 906 1217 tarde
924 1189 989 1223 fuit,
1005 1195 1063 1218 etc.

462 1237 500 1266 Et
518 1238 684 1266 notandum
703 1238 785 1276 quod
809 1237 839 1265 in
858 1237 916 1266 ista
931 1238 1177 1277 congregacione
1200 1248 1325 1277 compa-

421 1293 548 1315 ruerunt
569 1286 675 1325 plures
696 1286 846 1325 magistri,
865 1286 917 1325 qui
933 1286 963 1314 in
982 1287 1227 1326 congregacione
1243 1287 1325 1316 cele-

420 1335 505 1363 brata
523 1345 617 1373 super
641 1335 718 1363 facto
737 1335 964 1364 substraxionis
990 1345 1052 1363 non
1075 1342 1322 1374 comparuerunt,

421 1384 491 1422 quia
504 1383 654 1422 impediti,
677 1390 707 1413 et
729 1383 772 1412 illi
791 1390 878 1413 erant
897 1384 1021 1412 omnino
1043 1383 1179 1423 ejusdem
1199 1385 1324 1413 conclu-

421 1432 518 1461 sionis
543 1443 610 1461 cum
637 1432 834 1462 conclusione
858 1439 930 1462 tunc
950 1433 1052 1462 habita
1076 1444 1131 1472 per
1152 1433 1322 1468 nacionem,

421 1481 539 1510 scilicet
556 1482 639 1520 quod
659 1481 834 1511 substraxio
850 1482 947 1516 fieret,
962 1488 991 1510 et
1011 1483 1092 1521 quod
1112 1483 1235 1511 domino
1257 1483 1323 1522 regi

420 1537 658 1569 proponeretur,
675 1537 732 1559 etc.
756 1530 794 1559 Et
812 1531 870 1560 ista
888 1531 1038 1559 conclusit
1052 1531 1195 1560 dominus
1211 1541 1324 1570 procu-

420 1586 514 1614 rator,
534 1590 595 1608 non
619 1580 812 1608 retractando
835 1579 909 1608 alias
931 1580 1097 1609 deliberata
1119 1586 1176 1609 etc.
1201 1580 1325 1610 Notavit

420 1628 475 1657 hec
490 1628 626 1667 Campen
644 1634 703 1657 etc.

460 1677 530 1716 (Fol.
547 1677 595 1716 38)
612 1676 687 1706 Item
703 1678 780 1706 facta
793 1677 1038 1717 congregacione
1055 1678 1193 1707 nacionis
1209 1678 1323 1718 Anglie

420 1736 498 1754 anno
518 1726 641 1755 Domini
657 1737 717 1765 quo
737 1736 840 1765 supra,
858 1726 910 1755 lX²
926 1727 975 1755 die
988 1727 1103 1756 mensis
1121 1727 1229 1756 Marcii
1248 1727 1323 1757 hora

420 1781 505 1804 sexta
520 1775 551 1803 in
570 1774 724 1814 clinqueto
743 1776 823 1815 apud
838 1775 980 1804 Sanctum
1000 1776 1203 1811 Bernardum,
1222 1783 1251 1806 et
1266 1777 1323 1806 hoc

419 1824 487 1853 ideo
504 1824 574 1863 quia
592 1830 662 1853 tunc
681 1824 823 1853 dominus
839 1831 942 1853 rector
963 1824 1076 1853 ibidem
1100 1825 1170 1854 fecit
1189 1836 1323 1866 congre-

419 1873 578 1912 gacionem
596 1873 815 1902 Universitatis
830 1883 923 1912 super
938 1873 1092 1912 aliquibus
1110 1875 1322 1914 proponendis

419 1932 474 1960 per
491 1922 646 1951 dominum
668 1929 829 1957 rectorem,
852 1922 923 1961 quia
941 1923 1082 1951 dominus
1104 1930 1207 1952 rector
1226 1924 1323 1953 voluit

419 1971 517 1999 facere
536 1982 627 2000 unum
648 1971 808 2000 articulum
826 1972 863 2000 ad
884 1971 1055 2000 habendum
1074 1973 1268 2001 concordiam
1284 1974 1321 2002 de

418 2021 622 2059 proponendo
642 2030 743 2049 coram
766 2031 839 2060 rege
865 2021 988 2049 domino
1011 2027 1129 2050 nostro.
1155 2022 1193 2050 Et
1211 2022 1266 2051 feci
1287 2023 1320 2051 il-

418 2069 500 2107 la[m]
519 2069 794 2108 congregacionem
818 2069 956 2098 nacionis
981 2070 1019 2098 ad
1045 2070 1146 2104 finem,
1163 2077 1195 2099 ut
1218 2081 1264 2100 me
1285 2082 1321 2100 ex

417 2125 503 2157 parte
526 2118 664 2147 nacionis
686 2128 875 2157 opponerem
898 2118 1022 2147 domino
1040 2119 1164 2155 rectori,
1184 2126 1214 2148 et
1238 2121 1318 2159 quod

417 2167 504 2195 nacio
520 2173 614 2196 staret
629 2168 660 2195 in
673 2167 747 2196 alias
764 2167 942 2196 deliberatis
963 2177 1056 2206 super
1074 2168 1145 2202 isto,
1163 2169 1234 2207 quia
1249 2169 1317 2204 ista,

417 2217 454 2244 de
474 2216 586 2254 quibus
603 2216 744 2245 dominus
767 2222 869 2245 rector
892 2216 999 2254 petivit
1016 2217 1223 2252 concordiam,
1245 2218 1319 2247 alias

417 2265 538 2293 fuerunt
555 2265 722 2294 deliberata
738 2275 793 2304 per
809 2265 1057 2299 Universitatem,
1078 2266 1183 2294 saltem
1207 2277 1260 2305 per
1277 2268 1319 2296 3²⁵

418 2314 584 2348 facultates,
601 2320 629 2343 et
647 2314 705 2343 ista
723 2320 852 2353 protunc
870 2314 911 2342 ita
925 2314 1046 2343 fuerunt
1061 2315 1216 2350 conclusa,
1233 2316 1318 2344 sicud

417 2373 474 2401 ego
491 2370 672 2401 procurator
685 2373 719 2392 ea
733 2363 824 2402 posui
849 2363 878 2391 in
895 2363 1132 2398 deliberacione,
1150 2370 1180 2392 et
1199 2365 1239 2392 ita
1263 2365 1317 2393 feci

416 2412 634 2451 proposicione
651 2413 727 2440 facta
743 2422 799 2451 per
814 2412 969 2440 dominum
985 2418 1135 2440 rectorem
1151 2413 1182 2441 in
1201 2423 1318 2452 propo-

416 2462 517 2489 nendo
531 2460 738 2490 deliberanda.
753 2463 790 2490 Et
806 2467 936 2499 protunc
950 2461 986 2489 de
999 2461 1171 2500 propositis
1184 2472 1241 2500 per
1253 2472 1318 2491 rec-

416 2515 512 2538 torem
528 2509 622 2539 nichil
638 2509 693 2538 fuit
710 2509 910 2538 deliberatum
924 2508 945 2538 ⁶.

456 2558 556 2597 Super
571 2558 848 2597 supplicationibus
864 2558 959 2587 nichil
975 2564 1039 2588 erat
1051 2565 1149 2588 actum
1168 2565 1225 2588 etc.

444 2877 466 2899 1.
500 2877 625 2900 Hem-icus
662 2878 783 2901 Poelman
807 2878 889 2901 noluit
913 2887 939 2901 se
966 2878 1112 2902 submittere
1141 2879 1313 2908 Universicati,

408 2912 567 2943 proindeque
587 2916 612 2935 ut
625 2913 745 2944 perjurus
764 2917 787 2937 et
809 2913 912 2945 infamis
927 2922 958 2936 es:
978 2914 1144 2938 Uni-versitate
1159 2915 1252 2946 ejectae
1267 2918 1312 2939 est.

418 2947 471 2970 Vid.
492 2948 527 2970 ad
542 2956 583 2971 an.
598 2948 666 2976 1399,
686 2949 756 2972 Febr.
771 2950 808 2972 27.
823 2949 879 2972 Fuit
895 2957 938 2972 an.
954 2950 1014 2972 1403
1028 2950 1166 2978 restitutus,
1178 2953 1313 2982 postquam

1384 703 1400 728 5

1365 948 1398 973 10

1364 1194 1397 1219 15

1362 1440 1395 1465 20

1361 1685 1394 1710 25

1359 1930 1393 1956 30

1357 2176 1390 2201 35

1356 2421 1389 2447 40

1354 2666 1387 2692 45

1845 507 1942 536 1398

1439 574 1528 605 Acta
1568 576 1604 605 in
1647 577 1908 616 procuratoria
1949 578 2121 618 magistri
2158 579 2342 610 Johannis

1538 625 1579 654 de
1609 625 1745 660 Zande¹
1775 626 1868 656 alias
1898 627 1940 656 de
1972 626 2141 667 Campen,
2167 635 2238 658 etc.

1478 699 1569 729 Facta
1585 702 1831 742 congregacione
1853 704 1990 742 generali
2013 704 2150 734 nacionis
2169 705 2340 745 Anglicane

1437 757 1516 777 anno
1533 749 1656 779 Domini
1672 761 1733 790 quo
1747 761 1851 791 supra,
1866 752 1921 781 xl·
1935 752 1985 782 die
2001 753 2115 782 mensis
2131 754 2250 790 Marcii,
2265 755 2341 785 hora

1435 796 1506 826 vl1=
1530 799 1567 827 de
1589 809 1675 828 mane
1697 801 1779 839 apud
1801 800 1945 830 Sanctum
1968 801 2153 832 Maturinum
2182 813 2276 843 super
2297 805 2342 833 4⁰r

1435 847 1584 876 articulis.
1603 847 1725 878 Primus
1740 849 1888 879 articulus
1906 856 1971 879 erat
1983 851 2020 879 ad
2036 850 2211 891 eligendum
2230 863 2339 892 procu-

1435 901 1577 924 ratorem.
1596 897 1642 924 2²¹⁹
1657 898 1694 926 ad
1709 897 1892 927 audiendum
1908 908 1972 927 com
1979 905 2083 938 putum
2099 900 2213 930 domini
2228 911 2339 941 recep-

1435 944 1523 973 toris.
1543 945 1588 973 3¹¹·
1611 945 1665 974 fuit
1687 955 1782 985 super
1811 947 1887 976 facto
1910 947 2062 977 scolarum
2083 956 2194 987 septem
2211 951 2338 986 arcium,

1435 992 1507 1031 quia
1519 992 1613 1032 aliqui
1625 994 1760 1034 deputati
1771 995 1909 1025 nacionis
1918 1006 1978 1025 una
1989 1006 2056 1025 cum
2067 997 2220 1037 deputatis
2235 999 2338 1028 nacio-

1434 1040 1484 1070 nis
1500 1041 1659 1071 Piccardie
1675 1044 1811 1073 fecerunt
1823 1051 1944 1083 pactum
1955 1055 2023 1074 cum
2038 1045 2158 1075 latomis
2172 1047 2210 1076 ad
2223 1048 2338 1078 facien-

1434 1090 1506 1118 dum
1521 1100 1611 1119 unam
1622 1097 1737 1120 turrem
1751 1098 1780 1121 et
1795 1102 1886 1122 unum
1899 1103 2018 1122 murum
2031 1094 2164 1124 medium
2176 1095 2257 1125 inter
2269 1096 2338 1126 Pic-

1435 1139 1544 1168 cardos
1566 1145 1596 1169 et
1614 1150 1683 1175 nos,
1703 1141 1775 1179 quia
1792 1141 1850 1170 hoc
1874 1142 1915 1170 ita
1932 1152 1989 1181 per
2010 1149 2079 1172 ante
2101 1153 2159 1183 per
2178 1145 2338 1175 nacionem

1433 1194 1570 1217 nostram
1592 1189 1646 1218 fuit
1667 1189 1855 1219 conclusum.
1881 1190 1920 1220 Et
1945 1191 2001 1221 fuit
2016 1198 2137 1231 pactum
2158 1193 2228 1228 tale,
2254 1195 2338 1234 quod

1434 1236 1537 1266 latomi
1552 1237 1609 1272 illi,
1626 1238 1745 1268 scilicet
1765 1249 1844 1268 unus
1860 1250 1916 1279 pro
1931 1241 2021 1270 nobis
2043 1247 2073 1270 et
2089 1251 2168 1271 unus
2186 1252 2243 1281 pro
2264 1243 2338 1273 Pic-

1432 1286 1546 1321 cardis,
1567 1287 1700 1316 facerent
1722 1288 1813 1317 simul
1835 1288 1916 1318 illam
1933 1295 2061 1324 turrem,
2083 1297 2113 1319 et
2130 1290 2278 1321 haberent
2298 1293 2337 1322 de

1433 1340 1516 1364 tasea
1528 1335 1627 1365 XXIX
1647 1336 1775 1372 solidos,
1792 1338 1847 1367 sed
1864 1337 1926 1377 ipsi
1941 1339 2075 1368 facerent
2093 1341 2251 1378 apportari
2269 1351 2336 1370 om-

1432 1393 1488 1413 nes
1501 1384 1620 1423 lapides
1638 1392 1668 1414 et
1680 1386 1782 1415 omnia
1800 1387 1985 1422 necessaria,
2005 1394 2036 1416 et
2049 1387 2159 1417 iterum
2177 1389 2334 1428 deportari

1433 1443 1539 1462 omnes
1550 1433 1805 1464 immundiciones
1814 1436 1959 1474 expensis
1975 1437 2051 1466 suis.
2064 1436 2102 1466 Et
2113 1437 2157 1466 sic
2166 1448 2224 1477 pro
2235 1439 2335 1468 omni-

1432 1482 1490 1511 bus
1506 1482 1574 1511 istis
1593 1493 1655 1512 non
1671 1483 1818 1513 haberent
1835 1484 1895 1514 nisi
1914 1485 2014 1514 XXIX
2031 1485 2150 1516 solidos
2165 1488 2261 1526 paris.
2279 1498 2335 1527 pro

1432 1537 1525 1560 tasea.
1552 1532 1598 1560 4⁸¹·
1621 1532 1766 1562 articulus
1789 1533 1845 1562 fuit
1871 1543 1965 1573 super
1995 1535 2278 1574 supplicacionibus
2305 1544 2336 1567 et

1432 1580 1564 1619 injuriis.

1472 1629 1573 1668 Super
1597 1629 1698 1669 primo
1727 1632 1920 1661 continuatus
1951 1632 2007 1662 fuit
2037 1633 2069 1662 in
2104 1641 2333 1672 procuratorem

1431 1678 1569 1708 nacionis
1603 1686 1786 1719 procurator
1814 1682 1985 1720 precedens
1996 1705 2003 1717 ,
2039 1682 2157 1712 scilicet
2186 1684 2333 1723 magister

1430 1727 1586 1757 Johannes
1618 1729 1655 1757 de
1684 1728 1820 1769 Campen
1859 1730 1979 1759 nemine
2011 1731 2239 1761 contradicente
2279 1743 2333 1763 seu

1430 1776 1624 1806 reclamante.
1643 1777 1743 1817 Super
1760 1779 1791 1807 2⁰
1810 1778 1922 1808 dilatus
1942 1779 1998 1809 fuit
2015 1787 2146 1819 protunc
2169 1788 2331 1821 computus

1431 1825 1545 1854 domini
1565 1827 1735 1866 receptoris
1751 1827 1844 1857 certis
1860 1829 1897 1857 de
1919 1828 2032 1858 causis.
2053 1829 2154 1868 Super
2168 1831 2199 1859 3⁰
2217 1830 2332 1870 placuit

1430 1875 1551 1903 nacioni
1570 1882 1691 1914 pactum
1714 1875 1789 1905 illud
1805 1877 1914 1906 factum
1936 1887 1992 1916 per
2011 1878 2174 1917 deputatos
2188 1880 2331 1917 *nacionis

1430 1929 1460 1952 et
1476 1934 1532 1963 per
1554 1924 1720 1954 Piccardos
1736 1935 1803 1954 cum
1816 1925 1936 1955 latomis
1952 1936 1987 1956 eo
2001 1928 2103 1962 modo,
2118 1938 2179 1967 quo
2195 1929 2331 1968 deputati

1430 1973 1576 2002 fecerunt.
1602 1973 1641 2003 Et
1665 1980 1751 2003 erant
1779 1975 1915 2014 deputati
1936 1976 2074 2005 nacionis
2098 1983 2280 2015 procurator
2302 1984 2332 2007 et

1429 2021 1575 2061 magister
1600 2022 1731 2062 Egidius
1758 2024 1795 2052 de
1823 2024 1939 2053 Jutfaes
1961 2030 1991 2053 et
2017 2025 2163 2064 magister
2187 2025 2330 2056 Galterus

1430 2070 1608 2100 Forestarii.
1627 2072 1727 2111 Super
1739 2073 1770 2102 4⁰
1783 2073 1911 2102 articulo
1929 2073 2035 2107 nichil,
2050 2074 2121 2113 quia
2136 2075 2238 2104 nullus
2254 2085 2330 2115 sup—

1428 2119 1564 2158 plicavit,
1581 2127 1638 2150 etc.

1686 2223 1769 2253 Alia
1801 2225 2069 2264 congregacio.

1468 2317 1541 2346 Item
1567 2324 1733 2347 convocata
1757 2318 1885 2347 nacione
1910 2319 2026 2357 prefata
2050 2319 2226 2358 specialiter
2248 2330 2328 2350 anno

1427 2366 1552 2395 Domini
1576 2377 1636 2406 quo
1661 2377 1765 2405 supra,
1788 2367 1876 2396 X111=
1896 2367 1946 2396 die
1965 2367 2080 2396 mensis
2107 2368 2227 2404 Marcii,
2253 2368 2328 2398 hora

1427 2416 1560 2444 secunda
1583 2422 1656 2454 post
1678 2416 1840 2455 prandium
1867 2417 1947 2455 apud
1971 2416 2114 2445 Sanctum
2142 2417 2327 2447 Maturinum

1427 2474 1520 2503 super
1536 2465 1579 2492 4⁰r
1598 2464 1746 2493 articulis.
1764 2465 1887 2494 Primus
1907 2471 1971 2494 erat
1986 2465 2024 2494 ad
2042 2465 2213 2495 habendum
2232 2476 2327 2505 pecu-

1426 2512 1492 2541 nias
1521 2523 1579 2552 pro
1608 2513 1746 2542 nacionis
1780 2513 1908 2548 nuncio,
1941 2513 2059 2543 scilicet
2090 2524 2147 2553 pro
2178 2515 2327 2554 magistro

1424 2561 1562 2590 Johanne
1578 2562 1615 2591 de
1635 2562 1771 2597 Austria,
1791 2562 1863 2601 quia
1880 2562 1910 2591 in
1931 2563 2175 2602 congregacione
2191 2563 2325 2593 Univer-

1426 2610 1523 2639 sitatis
1547 2611 1696 2640 celebrata
1722 2611 1751 2639 in
1774 2611 1823 2639 die
1845 2611 2040 2650 precedenti,
2066 2612 2243 2641 conclusum
2271 2613 2327 2642 fuit

1425 2660 1505 2698 quod
1517 2660 1610 2698 aliqui
1622 2660 1725 2688 nuncii
1734 2660 1813 2688 irent
1826 2670 1862 2688 ex
1871 2666 1957 2699 parte
1968 2659 2186 2690 Universitatis
2201 2662 2238 2690 ad
2251 2661 2327 2691 illud

1425 2709 1586 2737 consilium
1608 2708 1822 2737 celebrandum
1843 2718 1899 2747 per
1913 2709 1991 2737 duos
2008 2719 2098 2748 reges
2118 2710 2324 2739 Romanorum

1425 2763 1455 2786 et
1473 2757 1600 2786 Francie
1615 2757 1645 2786 in
1660 2757 1831 2786 confinibus
1849 2757 1975 2786 Francie
1990 2756 2013 2786 ².
2030 2757 2068 2786 Et
2083 2764 2224 2797 protunc,
2241 2759 2326 2788 scili-

1425 2879 1579 2903 Uniuenitas
1589 2879 1725 2903 Benedicta
1737 2880 1799 2903 XIII
1809 2879 1978 2903 obedientiam
1989 2880 2145 2905 restituerat.

1454 2915 1476 2939 2.
1509 2914 1609 2938 Scilicet
1625 2915 1720 2939 Remis.
1741 2914 1794 2939 Vid.
1808 2923 1885 2947 supra
1897 2923 1923 2946 p.
1939 2916 1992 2944 763,
2006 2916 2044 2939 12.

2624 1409 2632 1433 ..Α
2624 1381 2632 1399 ,ι
2624 1333 2632 1371 .-a
2619 716 2632 1323 ..·messufflssflmxffl*ssJ-uaessu
2624 666 2632 705 ‹.0..-
2623 610 2632 654 ,’,.,.ι
2630 579 2632 585 .
2627 528 2632 539 ..
2629 450 2632 455 i
2630 431 2632 434 .
