2632 3464
289 430 342 456 ¹37

290 513 388 536 strum
413 506 589 536 Gillelmum
613 507 652 536 de
673 506 852 536 Brenuecht
872 506 941 536 loco
966 507 1014 536 sui
1038 517 1137 547 usque
1163 507 1202 536 ad

287 556 453 586 adventum
463 555 602 591 alterius,
614 556 699 585 nullo
709 555 834 596 penitus
846 555 1043 591 reclamante,
1058 563 1088 586 et
1099 556 1201 585 dictus

289 605 439 644 magister
466 604 680 634 Theodoricus
709 610 782 634 tunc
813 610 958 644 receptor
985 615 1044 645 pro
1071 605 1200 634 nacione

289 654 433 693 exposuit
453 653 485 683 in
508 653 627 693 palacio
647 654 686 682 de
711 655 857 683 Tei-minis
883 653 938 683 XV
960 653 1078 683 solidos
1103 653 1198 693 paris.

329 702 404 732 Item
419 702 608 742 computavit
623 702 705 732 dicta
720 702 770 731 die
783 702 814 731 in
831 703 936 731 eadem
953 703 1200 743 congregacione

287 751 389 782 dictus
410 751 559 791 magister
583 750 796 780 Theodericus
819 751 857 780 ad
879 751 994 780 curiam
1017 761 1200 781 recessurus

287 801 319 830 in
341 800 505 840 presencia
526 799 744 840 magistrorum
768 798 886 829 Galteri
908 801 946 829 de
968 799 1149 830 Wardelaw
1172 807 1202 830 et

288 849 406 879 Galteri
423 849 462 878 de
481 849 551 878 Dun
573 855 604 878 et
622 848 836 888 procuratoris
856 849 998 878 nacionis
1019 855 1050 878 et
1068 849 1201 878 bidello-

287 908 356 928 rum
375 898 546 932 amborum,
565 898 649 937 quod
666 897 805 937 exceptis
825 897 938 931 vadiis.
961 897 1081 927 scilicet
1099 898 1200 928 tribus

288 947 378 977 libris
402 946 455 987 qui
480 953 553 976 sunt
575 946 775 986 impignorati
797 957 856 987 pro
879 946 923 976 111
950 947 1063 982 scutis,
1088 953 1118 976 et
1141 957 1201 976 una

288 996 390 1037 logica
417 995 534 1026 Ockam
557 1005 614 1035 pro
642 995 726 1025 XXX
745 995 867 1030 solidis,
892 1002 921 1025 et
940 1006 999 1025 una
1020 996 1121 1026 littera
1142 1007 1200 1036 pro

290 1045 317 1076 II
334 1045 443 1080 scutis,
460 1051 490 1074 et
505 1044 518 1074 1
534 1051 622 1074 scuto
636 1044 668 1074 in
678 1054 740 1084 quo
757 1050 879 1074 tenetur
891 1045 1040 1085 magister
1055 1045 1200 1075 Galterus

287 1094 327 1124 de
347 1093 566 1132 W[ardelaw],
590 1099 621 1122 et
640 1093 668 1122 II
689 1093 786 1123 scutis
807 1099 838 1123 et
854 1093 882 1123 X
902 1093 1012 1123 solidis
1036 1094 1067 1124 in
1086 1094 1200 1134 quibus

287 1148 410 1173 tenetur
426 1142 575 1182 magister
589 1142 732 1172 Renerus
749 1142 787 1172 de
804 1143 896 1177 Ecka,
917 1153 977 1182 que
994 1143 1094 1172 omnia
1111 1144 1200 1173 vadia

287 1191 454 1221 deveniunt
475 1191 514 1221 ad
534 1191 707 1226 nacionem,
731 1192 815 1231 quod
841 1192 929 1221 nacio
955 1191 1015 1221 sibi
1039 1193 1200 1222 tenebatur

288 1241 433 1270 omnibus
447 1240 632 1280 computatis
648 1240 865 1280 computandis
881 1247 911 1270 et
926 1240 1084 1270 defalcatis
1102 1241 1200 1271 desal-

287 1289 396 1319 candis
420 1289 452 1318 in
474 1288 529 1319 XL
549 1288 659 1319 solidis
679 1289 845 1329 parisiens.
872 1289 988 1319 Tamen
1012 1290 1084 1330 quia
1110 1291 1199 1320 nacio

288 1338 415 1368 multum
433 1348 553 1378 pauper
567 1338 605 1368 de
624 1338 756 1378 pecunia
772 1338 887 1368 nullam
905 1338 1022 1368 habens
1039 1340 1198 1379 pecuniam

288 1387 350 1418 nisi
375 1387 537 1428 pecuniam
571 1397 629 1427 pro
654 1387 797 1417 luminari
822 1388 916 1417 Beate
943 1388 1051 1423 Marie.
1081 1389 1199 1419 scilicet

287 1436 418 1467 XXVIII
444 1436 562 1466 solidos
581 1437 679 1477 paris.
702 1447 770 1466 cum
791 1437 893 1467 tribus
915 1438 1064 1473 denariis,
1086 1439 1200 1468 refudit

287 1485 399 1516 dictam
415 1486 576 1525 pecuniam
596 1486 679 1515 dicto
699 1486 853 1526 receptori
871 1496 1047 1522 recessuro,
1070 1488 1200 1527 pecunia

288 1535 415 1565 multum
441 1535 607 1575 indigenti,
638 1541 669 1564 et
690 1535 747 1564 XII
776 1535 895 1565 solidos
924 1536 1087 1573 parisiens.
1120 1547 1199 1576 quos

288 1584 436 1614 mutuavit
456 1584 578 1613 nacioni
608 1584 756 1624 magister
783 1584 946 1614 Gillelmus
971 1586 1008 1614 de
1042 1586 1198 1615 Brenueth

287 1643 346 1674 pro
364 1639 437 1663 tunc
457 1633 557 1662 locum
585 1639 694 1663 tenens
717 1634 902 1673 recepturis,
925 1640 955 1663 et
974 1635 1018 1664 sic
1039 1636 1199 1675 predictus

288 1682 436 1723 magister
449 1682 664 1712 Theodoricus
679 1683 717 1711 de
736 1682 890 1712 Holandia
905 1689 977 1713 tunc
993 1691 1136 1724 receptor
1152 1691 1200 1715 est

287 1731 423 1762 totaliter
456 1731 576 1761 solutus
612 1732 650 1761 de
679 1731 745 1761 suis
779 1731 833 1762 XL
867 1732 978 1762 solidis
1013 1733 1136 1773 penitus
1170 1740 1201 1764 et

286 1790 447 1821 expresse.
465 1780 519 1810 Set
530 1780 619 1810 nacio
632 1780 788 1821 obligatur
804 1781 842 1811 de
854 1781 953 1821 prima
965 1783 1095 1822 pecunia
1108 1793 1198 1822 quam

287 1829 430 1860 habuerit
446 1829 540 1859 Beate
559 1829 681 1870 Virgini
700 1840 758 1869 pro
775 1840 832 1860 suo
853 1830 996 1861 luminari
1019 1832 1050 1861 in
1068 1832 1198 1862 XXVIII

287 1879 398 1909 solidis
413 1878 579 1919 parisiens.
596 1885 626 1908 et
635 1878 678 1908 III
688 1879 824 1909 denariis
834 1881 999 1920 parisiens.
1011 1887 1041 1910 et
1050 1882 1199 1921 magistro

287 1927 452 1959 Guillelmo
469 1929 508 1958 de
524 1927 701 1958 Brenuecht
718 1928 822 1964 Scoto,
836 1930 1030 1968 procuratori
1047 1931 1197 1966 nacionis,

288 1977 318 2007 in
343 1977 400 2007 XII
424 1977 534 2007 solidis
556 1977 722 2017 parisiens.
746 1988 784 2008 ex
801 1989 893 2008 causa
913 1979 983 2019 puri
1009 1980 1104 2009 mutui
1128 1980 1198 2009 sacti

289 2026 423 2056 nacioni.

329 2076 404 2106 Item
421 2077 498 2105 sacta
517 2077 764 2116 congregacione
783 2077 922 2107 nacionis
944 2088 1000 2117 pro
1022 2078 1198 2118 suplicatio-

288 2125 391 2160 nibus,
427 2125 591 2165 suplicavit
630 2125 762 2156 ballivus
806 2126 867 2156 vici
909 2126 1074 2157 Straminis
1117 2129 1197 2168 apud

288 2174 434 2204 Sanctum
448 2174 602 2204 sulianum
620 2175 704 2214 quod
721 2174 896 2206 solveretur
912 2177 950 2205 de
970 2176 1010 2206 VI
1028 2176 1149 2212 solidis,
1167 2177 1198 2206 in

287 2223 401 2263 quibus
428 2223 516 2253 nacio
542 2224 704 2254 tenebatur
729 2234 787 2264 pro
812 2224 972 2255 solucione
999 2236 1118 2255 camere
1144 2237 1198 2256 sue

286 2282 346 2312 pro
361 2282 442 2302 anno
455 2272 580 2302 Domini
598 2272 809 2303 M⁰.CCC⁰XL
828 2280 948 2309 octavo,
968 2285 1058 2314 quam
1076 2275 1198 2315 suppli-

287 2321 444 2351 cacionem
472 2321 629 2351 concessit
658 2322 855 2352 concorditer
879 2323 968 2352 nacio
993 2325 1130 2363 predicta
1161 2326 1199 2354 ad

287 2370 538 2400 satisfaciendum
553 2371 695 2411 predicto
711 2371 836 2407 ballivo,
849 2373 973 2412 quando
988 2373 1047 2402 sibi
1064 2373 1199 2413 placeret

287 2418 399 2449 dictam
415 2420 576 2459 pecuniam
595 2420 720 2450 habere.

328 2468 402 2498 Item
414 2469 490 2498 facta
500 2469 748 2509 congregacione
759 2471 840 2510 apud
853 2470 997 2501 Sanctum
1010 2471 1197 2502 Maturinum

286 2518 325 2547 ad
349 2517 522 2547 habendum
547 2519 626 2548 duos
642 2518 778 2549 florenos
800 2530 816 2549 a
835 2520 957 2550 duobus
979 2522 1138 2562 magistris
1161 2523 1199 2552 de

288 2577 368 2597 novo
399 2567 631 2607 incipientibus,
664 2568 820 2598 ordinavit
850 2569 940 2599 nscio
972 2577 1079 2600 nostra
1116 2572 1198 2611 quod

286 2623 412 2646 cenaret
421 2616 503 2646 dicta
515 2617 604 2646 nacio
615 2618 653 2647 ad
667 2620 883 2654 Coccatorium,
898 2625 927 2648 et
939 2619 981 2648 ibi
995 2619 1075 2649 ultra
1086 2620 1197 2650 dictam

288 2675 436 2696 summam
447 2666 591 2706 exposuit
601 2666 701 2696 locum
712 2673 820 2696 tenens
831 2668 1003 2707 receptoris
1012 2668 1069 2698 XII
1080 2669 1199 2699 solidos

288 2714 454 2754 parisiens.
480 2714 604 2745 nomine
625 2715 765 2745 nacionis
787 2717 927 2756 predicte
949 2717 999 2747 die
1023 2718 1196 2748 dominica*

287 2769 357 2793 ante
373 2764 482 2793 festum
495 2764 576 2794 beati
593 2764 744 2794 Iohannis
764 2765 915 2806 Baptiste.

329 2811 404 2842 Item
420 2813 497 2842 sacta
516 2814 763 2854 congregacione
781 2815 861 2854 apud
883 2814 1027 2846 Sanctum
1043 2816 1198 2846 Julianum

321 2890 344 2915 1.
377 2891 405 2915 21
421 2891 501 2916 lunii.

319 2926 343 2950 2.
377 2927 407 2950 2⁵
420 2927 498 2951 lunii.

320 2962 345 2986 3.
380 2962 408 2986 17
420 2962 490 2986 Iulii.

791 431 904 470 LIBER
930 430 1246 458 PROCURATORUM
1270 430 1451 457 NATIONIS
1473 430 1720 458 ANGLICANAE

1238 953 1272 979 10

1239 1199 1271 1225 15

1237 1446 1271 1471 20

1237 1691 1271 1717 25

1237 1938 1270 1964 30

1236 2185 1270 2211 35

1236 2431 1271 2457 40

1237 2677 1270 2703 45

2172 436 2223 462 138

1311 506 1360 536 die
1376 507 1457 536 beati
1476 507 1571 547 Eligii
1588 506 1600 525 ²
1623 508 1662 536 ad
1677 508 1863 537 audiendum
1887 516 2062 549 compotum
2078 518 2223 551 recepto-

1310 556 1356 584 ris
1382 555 1578 585 luminarium
1608 556 1702 585 Beate
1729 557 1826 586 Marie
1857 557 2001 598 virginis.
2035 561 2224 600 computavit

1309 605 1412 634 dictus
1424 611 1578 644 receptor,
1595 605 1715 634 scilicet
1725 606 1873 646 magister
1887 607 2041 637 Hem-icus
2053 609 2090 638 de
2104 609 2221 644 Minda,

1309 660 1341 683 et
1363 654 1548 693 computatis
1575 655 1790 694 computandis
1812 655 1900 684 nacio
1923 657 2086 687 tenebatur
2107 658 2167 687 sibi
2191 659 2221 688 in

1309 702 1393 732 XXX
1428 703 1539 732 solidis
1574 703 1754 742 parisiens.,
1795 715 1886 743 quarn
1931 706 2056 744 quidem
2092 708 2222 746 pecunie

1310 762 1458 781 summam
1474 752 1563 781 nacio
1581 752 1640 781 sibi
1658 753 1802 791 promisit
1814 753 1936 783 solvere
1957 756 2081 794 quando
2101 764 2219 796 posset.

1350 800 1423 840 (Fol.
1446 800 1493 841 12)
1516 801 1590 830 Item
1613 801 1729 841 incepit
1749 802 1780 831 in
1801 802 1919 832 artibus
1942 804 2085 834 dominus
2106 805 2222 835 Themo

1308 850 1387 880 ,hide
1402 851 1440 879 de
1457 850 1647 880 Monasterio
1663 851 1720 880 sub
1737 851 1887 891 magistro
1907 852 2071 883 Dominico
2091 855 2129 884 de
2151 855 2223 884 Cla-

1308 900 1411 940 vagio,
1426 898 1513 938 cujus
1529 900 1624 929 bursa
1642 900 1780 940 quinque
1798 900 1901 930 solidi.

1350 949 1425 978 Item
1447 949 1591 978 dominus
1619 948 1795 978 Cristianus
1824 951 1943 980 Wrede
1967 951 2004 980 de
2030 950 2221 982 Monasterio

1309 999 1367 1028 sub
1383 998 1533 1038 magistro
1549 997 1685 1027 Henrico
1699 998 1737 1026 de
1755 998 1872 1034 Minda,
1886 998 1973 1039 cujus
1990 1001 2085 1030 bursa
2103 1001 2146 1030 Ill
2161 1002 2219 1032 sol.

1351 1047 1424 1077 Item
1441 1047 1585 1076 dominus
1606 1047 1820 1077 Theodoricus
1834 1049 1871 1077 de
1885 1048 2040 1078 Alcmaria
2057 1050 2173 1090 incepit
2191 1051 2221 1080 in

1309 1097 1428 1126 artibus
1448 1097 1506 1126 sub
1527 1096 1675 1136 magistro
1699 1097 1822 1126 Renero
1843 1098 1882 1126 de
1903 1097 1997 1133 Ecka‚
2020 1098 2107 1139 cujus
2129 1101 2222 1130 bursa

1311 1145 1370 1175 IIII
1386 1145 1490 1175 solidi.

1350 1195 1424 1224 Item
1455 1194 1585 1234 exposui
1617 1195 1655 1223 ad
1686 1196 1809 1224 Pomum
1839 1197 1930 1234 Spine
1962 1197 1992 1226 in
2018 1197 2140 1227 civitate
2165 1209 2223 1238 pro

1308 1244 1467 1284 magistris
1487 1243 1628 1273 nacionis
1651 1243 1743 1273 XIIII
1763 1244 1882 1274 solidos
1899 1245 2080 1285 parisiens.,
2098 1249 2222 1287 quando

1309 1293 1426 1332 incepit
1440 1293 1588 1332 magister
1605 1292 1819 1322 Theudoricus
1837 1294 1875 1323 de
1889 1294 2054 1325 Alcmaria.

1350 1342 1424 1372 Item
1440 1342 1519 1372 solvi
1540 1342 1691 1381 magistro
1714 1342 1850 1372 Henrico
1869 1343 1908 1372 de
1926 1343 2031 1374 Minda
2050 1355 2109 1384 pro
2131 1346 2223 1376 lumi·

1309 1391 1374 1422 nari
1390 1392 1483 1421 Beate
1499 1391 1596 1420 Marie
1612 1391 1746 1431 virginis
1759 1391 1843 1421 XXX
1859 1392 1990 1422 solidos.

1718 1485 1736 1513 1
1741 1485 1815 1514 349

1342 1555 1583 1595 [Procuratio
1613 1556 1784 1597 magistri
1811 1557 1970 1588 Walteri
2002 1560 2044 1589 de
2076 1560 2190 1599 Dun.]

1348 1637 1439 1666 Anno
1470 1637 1594 1666 Domini
1619 1624 1879 1674 ivl.CC⁶C.XL1X,
1906 1639 1956 1668 die
1978 1640 2124 1671 veneris³
2154 1648 2223 1672 ante

1310 1687 1418 1715 festum
1443 1687 1530 1715 beate
1553 1685 1650 1716 Marie
1669 1686 1864 1726 Magdalene,
1893 1695 2061 1719 convocata
2094 1691 2222 1721 nacione

1308 1735 1478 1775 Anglicana
1495 1745 1598 1764 coram
1620 1742 1751 1771 rectore,
1773 1737 1826 1776 qui
1854 1744 1975 1767 mortuo
1997 1740 2221 1778 procuratore⁴

1308 1784 1414 1814 habuit
1427 1784 1512 1814 vices
1527 1785 1750 1824 procuratoris,
1768 1786 1902 1825 positum
1920 1794 1984 1816 erat
1998 1798 2054 1827 per
2070 1795 2221 1819 rectorem

1308 1834 1339 1863 in
1355 1833 1583 1863 deliberacione
1601 1834 1741 1863 nacionis
1760 1835 1911 1874 predicte,
1934 1836 1960 1865 si
1983 1837 2119 1876 placeret
2138 1840 2221 1878 quod

1307 1883 1456 1923 magister
1467 1883 1628 1912 Walterus
1639 1884 1677 1913 de
1692 1884 1762 1912 Dun
1774 1891 1858 1914 esset
1869 1892 2064 1924 procurator,
2079 1888 2223 1918 omnibus

1307 1932 1433 1972 placuit,
1451 1932 1536 1962 etsie
1550 1933 1747 1962 concorditer
1759 1933 1875 1963 electus
1889 1941 1936 1964 est
1949 1935 1978 1964 in
1990 1943 2221 1975 procuratorem

1307 1981 1392 2011 nullo
1414 1981 1656 2015 contradicente.
1675 1982 1705 2011 in
1724 1981 1811 2022 cujus
1827 1984 2063 2023 procuracionis
2083 1992 2222 2026 tempore

1307 2030 1362 2060 hec
1378 2037 1445 2060 acta
1460 2037 1532 2060 sunt
1547 2041 1607 2070 que
1623 2038 1806 2071 sequuntur.

1349 2079 1384 2109 In
1405 2080 1515 2119 primis
1538 2081 1643 2110 eadem
1667 2081 1717 2110 die
1743 2081 1774 2110 in
1795 2082 1886 2111 nonis
1907 2082 2021 2113 Nostre
2041 2084 2172 2114 Domine
2191 2085 2221 2114 in

1308 2129 1436 2158 nacione
1445 2129 1638 2159 renunciavit
1646 2130 1795 2170 magister
1802 2130 2016 2161 Theodoricus
2024 2134 2062 2162 de
2068 2133 2221 2164 Alcmaria

1308 2178 1526 2208 substitucioni
1541 2178 1632 2207 officii
1649 2179 1822 2218 receptoris
1838 2181 1968 2220 pecunie
1982 2181 2134 2217 nacionis,
2150 2183 2221 2223 quia

1307 2228 1385 2257 dixit
1400 2237 1434 2257 se
1450 2227 1531 2257 nolle
1549 2227 1680 2257 officium
1700 2238 1756 2268 pro
1774 2228 1835 2258 alio
1851 2239 2008 2259 exercere.
2029 2230 2125 2261 Nacio
2145 2242 2221 2262 con-

1307 2277 1445 2306 sentiens
1464 2287 1496 2306 se
1512 2287 1574 2306 non
1590 2287 1684 2316 posse
1699 2287 1805 2307 carere
1821 2285 1995 2318 receptore,
2011 2281 2141 2310 eundem
2158 2282 2222 2311 cle-

1308 2326 1354 2366 git
1379 2326 1412 2355 in
1434 2332 1627 2366 receptorem
1650 2327 1818 2356 secundum
1844 2328 1971 2358 sormam
1996 2329 2168 2366 electionis,
2193 2337 2223 2360 et

1303 2374 1425 2416 juratus
1441 2375 1590 2405 remansit
1605 2382 1760 2415 receptor.

1348 2425 1423 2454 Item
1438 2424 1554 2464 incepit
1565 2425 1595 2454 in
1607 2425 1725 2454 artibus
1739 2426 1888 2465 magister
1899 2426 2057 2457 Johannes
2073 2429 2111 2457 de
2126 2428 2221 2458 Lova-

1307 2473 1359 2502 nio
1374 2472 1462 2513 cujus
1477 2474 1572 2503 bursa
1587 2473 1646 2503 IIII
1666 2474 1771 2503 solidi.

1715 2569 1734 2596 1
1739 2567 1813 2597 349

1397 2638 1638 2678 [Procurjatio
1668 2639 1841 2679 magistri
1872 2640 2054 2670 Johannis
2091 2642 2134 2671 de

1665 2687 1863 2727 Lovanio.]

1349 2767 1439 2797 Anno
1458 2767 1583 2797 Domini
1601 2768 1879 2804 M⁰.CCC⁰.XLIX‚
1901 2769 1951 2798 die
1968 2770 2135 2800 mercurii³
2149 2778 2221 2811 post

1310 2817 1444 2856 [festum]
1470 2817 1680 2846 Bartholomei
1707 2819 1783 2846 facta
1810 2819 2058 2858 congregacione
2081 2820 2222 2850 nacionis

1339 2897 1361 2920 4.
1397 2897 1548 2921 Guillelmio
1563 2897 1704 2921 Brenuetb.

1339 2933 1363 2956 5.
1398 2933 1428 2956 26
1440 2933 1558 2965 Augusti.
