2632 3464
427 411 482 436 123

427 493 627 526 exposuerat,
651 487 752 516 dictos
778 486 876 515 libros
904 486 963 515 sibi
989 486 1159 525 assumpsit
1185 493 1215 515 et
1245 496 1339 515 unum

428 536 562 570 illorum⁷
583 535 702 565 scilicet
717 535 866 570 Bihleam,
888 545 946 574 pro
967 545 1076 564 novem
1093 535 1219 564 florenis
1234 535 1340 564 vendi-

428 585 483 619 dit,
508 595 638 624 quorum
662 595 716 614 sex
739 585 867 614 retinuit
889 594 947 623 pro
971 584 1101 623 pecunia
1123 585 1153 612 in
1174 594 1234 623 qua
1251 583 1339 612 nacio

428 634 487 663 sibi
509 635 680 669 tenebatur,
705 640 735 663 et
756 639 820 662 tres
841 639 1036 662 remanentes
1062 633 1184 662 nacioni
1211 633 1336 661 refudit.

426 683 514 712 Alios
530 683 640 718 libros,
656 683 774 712 scilicet
792 682 1026 721 Philosophiam
1040 682 1220 716 naturalem⁷
1241 681 1339 720 magi-

427 738 493 761 stro
515 732 648 761 Johanni
673 731 794 760 Gourre
817 731 954 766 tradidit,
982 737 1012 759 et
1034 741 1127 760 unum
1150 730 1339 759 Avicennam

426 781 575 820 magistro
594 781 727 810 Johanni
753 780 910 809 Mercurol
955 780 1000 809 De
1027 779 1088 808 hiis
1117 779 1261 808 omnibus
1294 779 1339 808 sic

426 830 562 859 recitatis
576 830 664 859 nacio
681 829 867 859 sufficienter
883 829 1047 858 informata
1061 828 1145 857 litem
1160 829 1249 857 istam
1265 834 1338 857 tam-

427 889 517 918 quam
542 889 627 908 suam
648 878 806 918 propriam
827 878 998 917 assumpsit
1021 878 1093 913 sibi,
1116 884 1145 907 et
1165 877 1340 916 manucepit

427 929 603 958 Conradum
621 928 768 957 bidellum
786 937 884 967 penes
903 937 1106 966 quoscunque
1125 927 1265 955 homines
1284 937 1338 955 seu

426 987 626 1016 quascunque
663 987 814 1016 personas
856 976 1054 1015 indempnem
1091 976 1270 1010 observare,
1309 981 1339 1004 et

426 1037 521 1066 super
537 1026 594 1055 hoc
606 1026 665 1055 sibi
681 1025 955 1065 quocienscunque
971 1025 1030 1054 sibi
1046 1031 1233 1064 oportunum
1249 1024 1338 1054 vide-

426 1082 511 1104 retur
532 1075 638 1104 literas
662 1075 824 1104 conficere.
846 1073 941 1103 Item⁴
968 1074 1068 1103 dictus
1088 1074 1251 1103 Conradus
1268 1074 1338 1102 fecit

426 1125 485 1153 sibi
504 1125 623 1153 literam
638 1134 734 1163 super
751 1123 821 1159 hoc,
840 1129 870 1153 et
888 1123 959 1152 fecit
979 1123 1061 1152 illam
1081 1123 1214 1162 sigillari
1234 1123 1337 1163 sigillo

428 1174 567 1202 nacionis
602 1174 682 1212 apud
727 1173 873 1202 Sanctum
913 1172 1100 1201 Maturinum
1136 1173 1167 1201 in
1201 1173 1309 1211 vigilia
1324 1171 1336 1190 ²

426 1222 659 1261 Assumptionis
681 1223 770 1251 beate
792 1222 890 1251 Marie
913 1228 943 1251 et
963 1222 1090 1260 scripsit
1109 1222 1229 1260 copiam
1248 1221 1337 1251 litere

425 1282 479 1301 sue
499 1272 530 1300 in
548 1272 624 1300 libro
635 1282 732 1310 parvo
752 1273 888 1300 nacionis
909 1273 939 1299 in
958 1281 1142 1310 pergameno
1161 1271 1192 1299 in
1215 1272 1344 1302 duobus

425 1321 517 1350 foliis.

465 1371 540 1399 Item
560 1370 762 1409 capiebantur
782 1369 877 1409 aliqui
892 1369 964 1398 libri
979 1370 1017 1398 de
1036 1369 1111 1398 sista
1128 1369 1267 1398 nacionis
1283 1369 1336 1408 qui

422 1425 510 1448 erant
528 1419 695 1448 scolarium
713 1419 855 1458 magistri
877 1418 1028 1448 Johannis
1052 1419 1089 1447 de
1112 1418 1262 1453 Wesafia,
1283 1418 1336 1458 qui

422 1468 559 1497 scolares
575 1475 719 1497 tenentur
734 1468 857 1497 nacioni
877 1468 908 1497 in
925 1478 980 1497 sex
999 1468 1121 1507 grossis
1139 1468 1286 1507 antiquis,
1306 1473 1336 1496 et

421 1518 498 1546 alter
514 1518 545 1546 in
559 1524 692 1556 quatuor
707 1517 841 1557 grossis.

461 1567 536 1596 Item
554 1567 697 1595 dominus
713 1572 858 1606 receptor
875 1566 969 1595 solvit
986 1567 1046 1595 duo
1061 1573 1147 1595 scuta
1165 1576 1222 1605 pro
1239 1566 1334 1594 scolis

420 1616 560 1656 magistri
580 1615 707 1644 Henrici
724 1616 762 1644 de
781 1615 897 1651 Minda,
921 1622 951 1645 et
967 1622 1087 1644 restant
1105 1615 1205 1644 adhuc
1222 1615 1334 1655 viginti

421 1665 524 1694 solidi.

459 1714 534 1743 ltem
553 1720 697 1753 receptor
718 1714 810 1743 habet
826 1713 939 1743 librum
958 1724 1062 1748 unum,
1083 1714 1135 1753 qui
1154 1724 1216 1742 non
1236 1720 1284 1743 est
1300 1714 1331 1742 in

419 1763 495 1792 sista
512 1763 663 1798 nacionis,
679 1773 735 1802 pro
752 1764 846 1792 bursa
862 1763 1012 1792 Johannis
1029 1763 1148 1793 Redde.

460 1813 534 1842 Item
551 1814 627 1842 facta
643 1813 891 1852 congregacione
907 1813 1046 1842 nacionis
1062 1812 1234 1852 Anglicane
1250 1813 1332 1851 apud

420 1862 565 1891 Sanctum
584 1862 770 1891 Maturinum
792 1863 830 1891 ad
850 1862 1064 1901 suplicandum
1083 1862 1115 1890 in
1135 1862 1213 1891 festo
1233 1862 1331 1891 sancti

419 1911 606 1946 Bernardi³,
628 1911 792 1950 suplicavit
811 1911 959 1951 magister
989 1912 1101 1940 Petrus
1127 1911 1272 1940 Blenkini
1293 1912 1330 1940 de

420 1960 583 1995 Brisacho,
605 1960 657 1999 qui
676 1967 747 1989 tunc
769 1961 824 1990 fuit
839 1961 877 1990 ad
897 1971 969 1990 suas
985 1966 1090 2000 partes
1107 1966 1281 1996 revocatus,
1301 1966 1331 1989 et

417 2019 485 2038 cum
505 2017 576 2039 tunc
595 2010 706 2038 fuisset
725 2019 818 2039 verus
834 2019 959 2049 regens,
980 2010 1126 2049 quatinus
1148 2010 1207 2038 sibi
1226 2010 1257 2038 in
1276 2020 1331 2038 sua

417 2059 561 2088 absencia
592 2059 679 2088 locus
717 2059 749 2087 in
788 2059 890 2088 rotulo
922 2060 960 2088 ad
993 2060 1099 2088 sedem
1128 2059 1329 2098 apostolicam

416 2108 565 2137 mittendo
595 2108 654 2137 sibi
683 2108 808 2137 debitus
839 2114 985 2148 tanquam
1014 2109 1153 2148 presenti
1186 2109 1327 2144 daretur,

416 2167 507 2196 quam
521 2157 760 2196 suplicacionem
773 2157 861 2186 nacio
874 2157 934 2187 sibi
948 2157 1145 2187 concorditer
1161 2158 1327 2193 concessit,

416 2206 500 2235 nullo
530 2207 652 2245 penitus
679 2206 877 2236 reclamante.
912 2207 952 2236 Et
981 2217 1038 2246 pro
1068 2213 1141 2235 tunc
1169 2207 1329 2236 substituit

414 2262 649 2295 procuratorem
665 2266 723 2295 pro
745 2266 778 2285 se
795 2256 826 2284 in
845 2256 1008 2295 presencia
1024 2256 1098 2290 mei,
1116 2256 1328 2295 procuratoris

415 2305 554 2334 nacionis
570 2305 754 2344 Anglicane‚
776 2305 957 2345 magistrum
977 2305 1145 2334 Henricum
1167 2306 1204 2334 de
1222 2305 1329 2334 Minda

416 2360 484 2383 actu
498 2361 657 2394 regentem
673 2354 703 2383 in
721 2354 860 2383 facultate
876 2354 991 2383 arcium
1009 2354 1165 2389 Parisius,
1185 2361 1216 2383 et
1234 2354 1328 2394 magi-

416 2410 480 2432 ster
507 2403 661 2432 Henricus
689 2404 726 2432 de
754 2403 885 2433 Colonia
912 2404 1014 2432 dando
1046 2404 1106 2432 sibi
1132 2402 1325 2443 plenarium⁴

416 2452 488 2492 (Fol.
508 2452 535 2492 8)
553 2462 641 2482 suum
655 2463 842 2482 consensum
860 2459 890 2482 et
908 2463 993 2482 suam
1011 2459 1195 2492 potestatem
1214 2453 1327 2482 substi-

414 2502 520 2530 tuendi
538 2501 640 2536 alium,
661 2502 687 2531 si
706 2512 834 2531 necesse
855 2502 956 2536 fuerit,
979 2508 1009 2531 et
1028 2503 1197 2531 secundum
1215 2502 1328 2531 volun-

414 2556 504 2579 tatem
530 2551 577 2580 sui
607 2550 792 2590 beneplaciti
813 2551 989 2586 ordinandi,
1016 2551 1108 2580 michi
1132 2551 1218 2580 dedit
1242 2561 1327 2580 suam

415 2600 654 2638 suplicacionem
687 2606 717 2629 et
747 2601 825 2629 duos
854 2599 973 2629 solidos
1012 2610 1068 2639 pro
1095 2601 1327 2630 ordinatoribus

413 2649 516 2678 rotuli.
532 2649 571 2678 Et
587 2649 642 2678 hec
660 2649 829 2688 suplicacio
846 2649 902 2678 suit
916 2659 1067 2678 concessa
1082 2650 1192 2678 solutis
1206 2649 1327 2678 solven-

420 2698 479 2727 dis.

444 2841 465 2863 1.
503 2842 574 2872 Quae
592 2843 734 2872 sequuntur
753 2849 832 2874 usque
856 2841 892 2864 ad
910 2841 987 2872 finem
1004 2841 1091 2865 eodem
1108 2841 1256 2865 charactere
1275 2851 1325 2874 quo

411 2875 512 2899 initium
523 2876 649 2899 Rubricae
663 2876 759 2908 scripta
773 2880 842 2901 eunt.

443 2912 467 2935 2.
501 2913 529 2935 14
545 2913 664 2944 Augusti.

445 2948 467 2970 3.
501 2948 530 2970 20
544 2948 661 2979 Augusti.

975 409 1199 436 AUCTARIUM
1221 409 1480 436 CHARTULARII
1501 410 1675 437 UNIVERS.
1698 411 1815 437 PARIS.

1376 931 1410 957 10

1375 1178 1408 1205 15

1373 1428 1406 1454 20

1371 1674 1404 1700 25

1368 1919 1402 1946 30

1366 2166 1400 2192 35

1365 2413 1399 2439 40

1364 2659 1398 2685 45

1747 0 1753 9 ι
1803 0 1810 4 ν
1858 0 1884 16 „ctu
1890 0 1941 24 92:
1949 0 2017 25 &395³
2025 0 2366 37 ztgffiflgffquffissw
2384 20 2399 34 ·,
2411 7 2416 12 ,,
2446 7 2449 13 .

1856 488 1955 517 1348

1451 553 1690 590 [Procuratio
1726 554 1900 594 magistri
1943 554 2170 586 Theodorici
2204 556 2358 596 Borre.]

1489 632 1579 662 Anno
1603 633 1727 663 Domini
1743 634 1788 664 Μο
1805 634 1897 664 CCC.
1920 635 2073 670 XLVIII⁰‚
2094 637 2170 666 facta
2187 647 2360 678 congrega-

1448 681 1536 710 cione
1561 682 1733 722 Anglicana
1750 685 1831 723 apud
1846 684 1989 713 Sanctum
2007 685 2161 714 ,lulianum
2180 694 2359 725 pauperem.

1448 730 1480 759 3²
1495 730 1566 760 die⁵
1584 738 1657 771 post
1673 733 1782 762 festum
1803 733 1902 762 sancti
1928 733 2151 770 Bartholomei‚
2173 735 2211 764 ad
2239 735 2361 776 eligen-

1448 780 1519 808 dum
1535 787 1780 819 procuratorem,
1799 782 1916 812 electus
1934 783 1991 812 fuit
2009 783 2196 812 unanimiter
2211 784 2362 824 magister

1448 828 1659 859 Theodericus
1683 830 1782 860 Borre
1800 830 1938 870 ejusdem
1966 832 2106 861 nacionis
2124 832 2155 861 in
2176 839 2360 872 procurato-

1448 887 1524 913 rem,
1542 878 1573 907 in
1589 877 1676 918 cujus
1692 880 1915 918 procuracione
1929 887 1996 910 acta
2011 888 2082 910 sunt
2098 892 2157 921 que
2173 888 2356 921 sequnntur.

1489 927 1593 957 Primo
1617 928 1732 967 incepit
1759 929 1901 959 dominus
1930 930 2077 960 Albertus
2100 931 2138 960 de
2168 931 2296 960 Boemia
2320 932 2359 961 de

1446 976 1518 1005 Alto
1535 976 1646 1006 Castro
1663 978 1720 1006 sub
1736 971 1886 1017 magistro
1905 978 2031 1009 Galtero
2046 980 2236 1020 Warderlay
2250 980 2355 1020 Scoto,

1448 1024 1535 1065 cujus
1552 1027 1646 1055 bursa
1662 1026 1680 1055 4
1697 1026 1800 1056 solidi.

1490 1075 1566 1104 Item
1578 1075 1655 1104 facta
1664 1077 1916 1116 congregacione
1927 1077 2067 1107 nacionis
2078 1077 2251 1118 Anglicane
2261 1079 2292 1107 2²
2307 1078 2357 1108 die

1447 1124 1640 1164 Septembris
1658 1126 1739 1164 apud
1755 1125 1900 1155 Sanctum
1914 1126 2101 1156 Maturinum
2116 1128 2154 1156 ad
2173 1127 2354 1167 supplican-

1447 1174 1529 1208 dum,
1561 1174 1747 1213 supplicavit
1774 1174 1923 1214 magister
1954 1175 2111 1205 Johannes
2147 1176 2265 1206 Thome
2297 1187 2356 1217 pro

1446 1224 1567 1252 duobus
1595 1223 1768 1263 magistris,
1800 1224 1919 1253 scilicet
1950 1234 2007 1263 pro
2039 1225 2189 1265 magistro
2215 1225 2357 1255 Arnoldo

1446 1271 1546 1307 Unco,
1563 1279 1594 1302 et
1607 1282 1663 1311 pro
1680 1272 1829 1302 Goswino
1844 1273 1965 1302 Storme
1982 1284 2044 1302 non
2060 1281 2130 1304 actu
2145 1280 2218 1304 tunc
2232 1281 2354 1314 tempo-

1446 1321 1490 1350 ris
1518 1322 1658 1351 Parisius
1684 1322 1876 1362 regentibus,
1903 1323 2047 1362 quatinus
2075 1323 2190 1353 eisdem
2215 1324 2301 1354 locus
2323 1324 2356 1353 in

1445 1370 1546 1400 rotulo
1565 1372 1602 1400 ad
1618 1371 1722 1400 sedem
1738 1371 1938 1411 apostolicam
1956 1372 2105 1401 mittendo
2119 1378 2265 1412 tanquam
2284 1383 2353 1412 pre-

1445 1420 1584 1449 sentibus
1609 1421 1750 1456 daretur,
1778 1421 1862 1460 quod
1888 1421 1948 1450 sibi
1971 1427 2035 1450 tota
2067 1422 2155 1451 nacio
2183 1422 2356 1462 Anglicana

1444 1470 1641 1499 concorditer
1676 1470 1831 1499 concessit
1866 1470 1976 1500 solutis
2011 1471 2182 1506 solvendis,
2221 1464 2268 1500 et¹
2292 1481 2354 1501 non

1443 1519 1585 1548 obstante
1613 1518 1716 1558 aliquo
1746 1518 1917 1559 prejudicio
1942 1519 1993 1550 vel
2014 1520 2234 1559 impedimento
2254 1520 2355 1560 magi-

1444 1568 1517 1597 stris
1535 1574 1603 1597 actu
1620 1568 1759 1598 Parisius
1775 1575 1846 1598 tunc
1864 1569 2014 1608 temporis
2032 1569 2227 1609 regentibus.

1484 1616 1558 1646 Item
1568 1617 1754 1657 supplicavit
1760 1618 2101 1657 magisterWilhelmus
2109 1618 2221 1648 Scotus
2229 1618 2352 1648 nacioni

1442 1676 1500 1705 pro
1517 1667 1556 1696 20
1573 1666 1694 1702 solidis,
1715 1667 1767 1706 qui
1790 1668 1973 1696 tenebantur
1995 1668 2192 1707 procuratori
2210 1667 2242 1696 in
2259 1677 2352 1698 vaca-

1442 1715 1596 1751 cionibus,
1620 1726 1698 1755 quos
1719 1716 1779 1746 sibi
1799 1716 1888 1745 nacio
1908 1716 2106 1746 concorditer
2126 1717 2282 1746 concessit
2295 1717 2353 1746 'vel

1440 1765 1585 1804 promisit
1609 1765 1719 1794 solutis
1742 1765 1912 1801 solvendis,
1936 1771 1966 1795 et
1988 1776 2055 1795 cum
2074 1766 2166 1795 fuerit
2180 1772 2292 1806 potens
2314 1766 2352 1796 ad

1441 1814 1622 1844 solvendum
1640 1814 1779 1854 predicta
1795 1815 1883 1844 nacio
1900 1814 2081 1854 Anglicana.

1482 1863 1556 1892 Item
1600 1863 1716 1903 incepit
1748 1864 1892 1893 dominus
1928 1864 2093 1893 Heinricus
2127 1864 2281 1893 Muleman
2313 1865 2352 1894 de

1440 1913 1532 1942 Elten
1548 1914 1605 1942 sub
1619 1913 1768 1953 magistro
1781 1913 1921 1942 Johanne
1937 1914 1975 1942 de
1986 1913 2137 1948 Wesalia,
2155 1912 2242 1953 cujus
2256 1914 2352 1944 bursa

1440 1968 1574 2001 quatuor
1591 1962 1694 1991 solidi.

1481 2011 1556 2041 Item
1586 2012 1701 2051 incepit
1728 2012 1873 2041 dominus
1909 2011 2097 2042 Wilhelmus
2132 2012 2170 2041 de
2199 2012 2262 2041 Los
2292 2012 2352 2042 sub

1439 2061 1587 2100 magistro
1608 2061 1748 2090 Johanne
1768 2062 1806 2090 de
1827 2061 1978 2096 Wesalia,
1997 2060 2083 2100 cujus
2098 2062 2193 2090 bursa
2207 2062 2226 2090 4
2245 2061 2348 2091 solidi:

1480 2110 1554 2139 Item
1568 2110 1685 2150 incepit
1696 2111 1839 2140 dominus
1851 2110 2018 2139 Heinricus
2030 2109 2094 2139 Vos
2106 2111 2143 2139 de
2155 2110 2280 2140 Lubeke
2291 2110 2350 2140 sub

1438 2159 1588 2198 magistro
1605 2159 1745 2189 Johanne
1765 2161 1803 2189 de
1819 2159 1969 2195 Wesalia,
1990 2159 2077 2198 cujus
2096 2160 2191 2188 bursa
2212 2159 2350 2199 quinque

1439 2208 1531 2238 solidi
1547 2219 1614 2238 cum
1629 2209 1770 2239 dimidio.

1479 2257 1554 2287 Item
1572 2258 1688 2298 incepit
1705 2258 1848 2287 dominus
1868 2257 2034 2287 Heinricus
2055 2258 2093 2286 de
2109 2256 2266 2287 Aernem⁶
2290 2258 2349 2287 sub

1438 2307 1586 2347 magistro
1603 2307 1742 2337 Johanne
1758 2308 1796 2337 de
1811 2307 1961 2342 Wesalia,
1984 2306 2071 2346 cujus
2089 2307 2184 2336 bursa
2205 2307 2223 2335 4
2241 2306 2344 2336 solidi.

1478 2355 1553 2385 Item
1583 2356 1769 2396 supplicavit
1795 2356 1964 2385 literatorie
1991 2356 2140 2395 magister
2166 2355 2347 2395 Meynricus

1437 2411 1541 2434 rector
1557 2405 1721 2435 scolarium
1736 2406 1767 2435 in
1785 2405 1895 2435 Sosato
1911 2405 2033 2434 nacioni
2046 2404 2229 2444 Anglicane,
2249 2404 2346 2444 quati-

1436 2464 1495 2484 nus
1522 2455 1621 2484 eidem
1647 2455 1733 2484 locus
1761 2455 1792 2484 in
1821 2454 1923 2484 rotulo
1952 2455 1991 2483 ad
2016 2454 2122 2483 sedem
2144 2453 2347 2493 apostolicam

1437 2504 1585 2533 mittendo
1607 2510 1751 2543 tanquam
1780 2503 1980 2543 presentibus
2007 2503 2147 2538 daretur,
2174 2503 2258 2542 quod
2285 2502 2346 2532 sibi

1436 2559 1499 2583 tota
1524 2553 1612 2582 nacio
1637 2553 1808 2593 Anglicana
1832 2553 2029 2582 concorditer
2055 2552 2211 2581 concessit
2235 2551 2346 2581 solutis

1436 2603 1594 2632 solvendis
1611 2609 1641 2631 et
1661 2602 1727 2632 sine
1742 2601 1915 2642 prejudicio
1931 2601 2151 2642 magistrorum
2167 2607 2237 2630 actu
2255 2600 2346 2630 Pari-

1437 2652 1501 2681 sius
1517 2651 1706 2691 regencium.
2182 2685 2184 2687 ι

1477 2701 1551 2730 Item
1577 2700 1830 2740 supplicaverunt
1863 2700 2013 2740 magister
2041 2698 2253 2728 Theodericus
2280 2698 2346 2728 Bor

1435 2757 1507 2780 tunc
1535 2750 1685 2790 temporis
1715 2755 1898 2789 procurator
1925 2755 1955 2778 et
1979 2748 2130 2789 magister
2155 2747 2345 2778 Wilhelmus

1465 2844 1487 2867 4.
1522 2845 1550 2867 In
1568 2842 1684 2874 margine
1695 2842 1814 2874 inferiori
1825 2842 1921 2874 acripta
1935 2844 1994 2866 eunt
2012 2849 2021 2865 :
2039 2842 2113 2866 Weld
2125 2849 2157 2873 γι·
2169 2833 2217 2874 gin
2226 2842 2344 2873 gheselle

1434 2888 1489 2938 ⁸53..
1522 2917 1550 2938 27
1565 2914 1681 2946 Augusti.

1463 2951 1485 2974 6.
1518 2950 1651 2974 Arnheim.
