2632 3464
417 440 470 465 539

418 514 662 554 congregacione
695 513 833 541 nacionis
863 511 1033 551 Anglicane
1063 511 1143 550 apud
1179 509 1323 539 Sanctum

418 563 602 592 Maturinum
622 572 716 601 super
738 562 858 590 duobus
876 560 1026 594 articulis,
1051 569 1181 598 quorum
1204 559 1323 598 primus

418 619 482 641 erat
509 613 546 640 ad
575 611 750 650 eligendum
787 610 963 643 officiarios,
1001 608 1145 637 videlicet
1178 607 1322 636 nuncium

419 661 509 690 rotuli
525 661 662 690 mittendi
679 661 717 689 ad
732 670 842 699 papam
861 659 1036 692 creandum,
1060 658 1165 686 eodem
1183 656 1231 685 die
1247 666 1324 685 con-

419 710 496 739 clusi
509 720 566 749 per
578 709 829 743 Universitatem,
847 714 876 736 et
890 707 1108 736 inrotulatores
1125 715 1179 734 seu
1197 705 1324 734 ordina-

419 765 502 787 tores
522 758 625 787 rotuli.
643 757 688 786 Ex
704 764 775 786 tunc
791 756 1005 795 supplicarunt
1023 765 1079 794 pro
1100 754 1200 783 officio
1218 754 1323 783 nuncii

420 807 511 836 rotuli
531 807 575 835 illi
597 817 655 845 que
672 812 843 845 sequuntur
862 816 868 833 ι
887 804 992 834 Primo
1009 803 1156 843 magister
1168 802 1323 832 Jordanus

419 857 456 884 de
491 856 598 890 Clivis,
627 856 738 884 deinde
764 854 911 894 magister
938 853 1096 882 Gerardus
1133 853 1170 881 de
1198 852 1322 886 Kalker,

420 905 531 933 deinde
558 904 704 943 magister
726 903 936 932 Theodericus
959 903 995 930 de
1019 901 1188 936 Yselstein,
1212 901 1324 929 deinde

420 954 567 992 magister
594 952 779 982 Wilhelmus
811 951 953 980 Trebron
988 950 1099 979 Scotus
1133 956 1163 979 et
1192 949 1325 978 finaliter

421 1003 706 1041 magister-lacobus
717 1002 754 1030 de
770 1001 874 1030 Dacia.
886 1000 925 1029 Et
936 1005 1001 1028 erat
1015 999 1129 1028 electus
1139 999 1170 1027 in
1179 999 1323 1028 nuncium

420 1051 511 1080 rotuli
525 1061 581 1090 per
595 1049 739 1089 majorem
751 1056 868 1089 partem
879 1059 987 1078 vocum
1001 1048 1150 1087 magister
1166 1047 1324 1077 Gerardus

419 1100 456 1128 de
474 1100 596 1128 Kalker.
617 1099 734 1128 Deinde
755 1098 1007 1137 supplicaverunt
1024 1097 1129 1136 plures
1146 1107 1204 1136 pro
1224 1097 1324 1126 officio

419 1149 662 1183 inrotulacionis‚
685 1154 714 1176 et
731 1148 853 1176 fuerunt
873 1146 961 1176 electi
986 1156 1043 1185 pro
1064 1146 1165 1174 officio
1183 1146 1323 1185 predicto

419 1198 585 1226 secundum
601 1196 806 1236 pluralitatem
822 1206 930 1225 vocum
949 1195 1096 1234 magister
1110 1195 1265 1224 Jordanus
1286 1196 1323 1224 de

418 1246 526 1280 clivis,
556 1248 703 1285 magister
737 1245 828 1284 Hugo
857 1246 895 1273 (le
927 1244 1081 1273 Hervorst
1115 1250 1145 1272 et
1176 1244 1324 1284 magister

417 1295 571 1324 Johannes
595 1294 820 1333 Levenhaghen
842 1295 880 1322 de
900 1293 1043 1322 Saxonia.
1064 1293 1124 1321 Sed
1145 1293 1206 1321 duo
1225 1293 1323 1332 magi-

417 1339 472 1373 stri
490 1344 634 1373 videlicet
648 1342 834 1372 Wilhelmus
850 1342 991 1371 Trebron
1003 1348 1032 1371 et
1056 1341 1219 1370 Matheus⁴
1239 1342 1322 1371 Scoti

418 1393 537 1422 fortiter
550 1392 728 1421 institerunt
739 1399 771 1421 ut
781 1402 859 1421 unus
872 1391 993 1420 illorum
1009 1401 1045 1420 ex
1058 1397 1143 1430 parte
1155 1391 1322 1420 inrotulan-

417 1443 524 1470 dorum
547 1442 583 1470 de
606 1451 703 1480 regno
726 1441 827 1470 Scotie
850 1446 933 1469 esset
955 1440 1148 1469 inrotulator.
1172 1440 1231 1477 Qui
1251 1446 1323 1479 post

417 1491 525 1519 multas
538 1490 770 1525 altercaciones,
787 1500 855 1519 cum
870 1499 927 1528 per
940 1489 1009 1518 illas
1025 1499 1086 1518 non
1097 1495 1238 1528 poterant
1247 1499 1322 1528 pro-

416 1540 517 1574 ficere,
543 1539 757 1579 supplicarunt
779 1539 923 1578 quatinus
947 1538 1036 1567 nacio
1064 1538 1206 1578 graciose
1228 1549 1321 1568 unum

417 1598 521 1617 eorum
537 1589 573 1616 ad
588 1588 644 1616 hoc
661 1588 792 1616 officium
806 1598 864 1627 pro
881 1597 960 1616 nunc
975 1587 1159 1616 admitteret.
1183 1587 1321 1624 Quorum

417 1637 607 1676 supplicacio
620 1637 674 1665 fuit
690 1647 837 1666 concessa
851 1647 906 1676 per
922 1636 1013 1665 istum
1027 1636 1161 1670 modum,
1178 1643 1211 1665 ut
1228 1637 1321 1676 magi-

417 1692 480 1715 ster
499 1686 637 1714 Matheus
650 1685 661 1703 ²
683 1692 765 1714 esset
785 1696 851 1714 cum
872 1685 940 1714 aliis
959 1685 1047 1724 prius
1063 1685 1178 1714 electus
1201 1685 1322 1714 inrotu-

416 1735 505 1769 lator,
520 1745 586 1763 cum
606 1735 657 1763 tali
672 1734 886 1763 moderacione
900 1734 983 1773 quod
998 1744 1059 1762 non
1076 1734 1251 1773 perciperet
1269 1735 1321 1763 ali—

417 1785 498 1822 quod
519 1784 754 1812 emolumentum
776 1784 813 1812 ab
834 1783 1050 1818 inrotulandis,
1072 1783 1132 1812 nisi
1148 1783 1186 1812 ab
1204 1783 1265 1812 illis
1283 1785 1320 1813 de

416 1844 471 1862 sua
486 1833 657 1872 provincia.

457 1883 529 1911 Item
553 1892 631 1910 anno
662 1882 785 1911 Domini
813 1892 873 1921 quo
899 1892 1004 1921 supra,
1033 1881 1101 1910 ΧΧει
1125 1881 1174 1910 die
1204 1882 1320 1912 mensis

415 1931 532 1970 Aprilis
560 1931 635 1959 hora
658 1941 805 1960 nonarum
830 1931 923 1959 Beate
945 1930 1042 1959 Marie
1067 1929 1217 1970 Virginis,
1245 1932 1321 1960 facta

416 1980 660 2019 congregacione
685 1979 837 2018 solempni
870 1979 1009 2008 nacionis
1034 1978 1204 2018 Anglicane
1239 1981 1321 2019 apud

417 2029 558 2057 Sanctum
583 2028 768 2057 Maturinum
792 2038 847 2067 per
865 2027 1071 2067 juramentum
1100 2038 1194 2068 super
1219 2029 1319 2059 tribus

415 2077 562 2111 articulis,
577 2087 705 2116 quorum
722 2077 838 2116 primus
852 2084 917 2106 erat
933 2077 1114 2116 propositus
1129 2088 1184 2116 per
1197 2079 1319 2107 modum

415 2126 618 2164 expedientis,
638 2132 667 2154 et
682 2132 747 2154 erat
764 2127 801 2154 ad
817 2126 1021 2154 ordinandum
1040 2127 1077 2155 de
1095 2126 1200 2165 precio
1219 2128 1320 2156 dando

415 2175 526 2203 nuncio
551 2185 607 2213 pro
627 2175 728 2203 rotulo
751 2174 970 2204 Universitatis
992 2174 1145 2204 Parisien.
1171 2186 1208 2204 ex
1231 2183 1319 2215 parte

406 2224 553 2252 ⁴nacionis
569 2223 749 2262 Anglicane.
764 2223 802 2252 Et
812 2223 1015 2253 deliberatum
1027 2224 1082 2253 fuit
1093 2235 1149 2263 per
1160 2225 1319 2254 nacionem

415 2273 496 2311 quod
516 2272 582 2310 ipse
599 2272 725 2301 haberet
739 2274 761 2301 G
778 2279 807 2301 et
821 2273 844 2301 L
860 2273 992 2307 francos,
1006 2279 1035 2301 et
1046 2283 1113 2302 cum
1125 2273 1182 2302 hoc
1199 2274 1280 2312 quod
1293 2274 1319 2303 si

415 2321 444 2349 in
456 2321 556 2350 reditu
568 2331 623 2350 suo
633 2322 670 2349 de
682 2322 766 2349 curia
774 2321 910 2350 Romana
921 2328 1113 2360 computaret
1122 2322 1152 2350 in
1162 2323 1319 2351 conscien-

414 2370 455 2399 tia
477 2380 531 2399 sua
555 2371 592 2398 de
613 2370 759 2408 expensis
781 2370 1009 2399 racionabiliter
1033 2372 1112 2400 ultra
1136 2381 1192 2409 per
1218 2371 1319 2410 ipsum

416 2419 502 2447 sactis
531 2429 589 2458 pro
614 2418 665 2447 illa
688 2419 858 2458 legacione,
890 2419 978 2448 nacio
1006 2419 1066 2449 sibi
1096 2419 1152 2449 hoc
1177 2421 1320 2459 promisit

414 2468 588 2496 refundere.

455 2515 525 2555 (Vol.
549 2518 585 2546 12
601 2516 624 2555 b)
647 2516 807 2545 Secundus
837 2516 984 2545 articulus
1006 2523 1070 2546 erat
1093 2518 1130 2545 ad
1155 2519 1318 2546 taxandum

415 2566 580 2593 secundum
597 2566 717 2594 modum
733 2571 911 2594 consuetum
925 2566 1084 2604 pecuniam
1099 2576 1188 2605 quarn
1204 2567 1320 2595 dabunt

414 2613 599 2642 inrotulandi
614 2620 643 2643 et
656 2621 720 2642 erat
734 2624 828 2652 super
838 2614 898 2642 isto
910 2615 1106 2643 concorditer
1117 2615 1318 2644 deliberatum

414 2663 494 2700 quod
511 2663 640 2701 quilibet
654 2673 784 2702 presens
799 2663 885 2691 daret
902 2665 915 2691 1
933 2663 1081 2698 francum,
1095 2664 1319 2702 superveniens

416 2711 441 2738 lI
460 2711 591 2747 francos,
607 2719 637 2740 et
652 2713 764 2740 absens
779 2711 822 2740 111
843 2712 982 2747 francos;
1000 2719 1029 2741 et
1045 2712 1071 2741 si
1090 2712 1192 2751 aliqua
1207 2713 1319 2741 defice—

414 2765 460 2788 ret
473 2767 579 2798 postea
591 2761 729 2799 pecunia,
743 2768 802 2789 tam
814 2771 871 2799 pro
884 2764 996 2789 nuncio
1010 2771 1099 2800 quam
1115 2771 1170 2800 pro
1185 2761 1317 2796 bedello,

415 2809 686 2846 proportionaliter
702 2810 858 2839 solverent
874 2816 1048 2848 presentes,
1064 2811 1318 2849 supervenientes

414 2863 444 2884 et
463 2858 616 2885 absentes.

446 2958 468 2980 1.
502 2959 527 2980 ln
540 2961 594 2980 ηιεῑῡ
606 2959 724 2989 spatium,

958 434 1180 461 AUCTARIL‘M
1201 433 1459 460 CHARTULARII
1480 434 1653 461 UNIVERS.
1675 436 1792 462 PARIS.

1379 709 1394 735 5

1363 955 1396 980 10

1361 1199 1395 1226 15

1360 1446 1394 1471 20

1359 1691 1392 1717 25

1358 1937 1392 1962 30

1357 2182 1391 2208 35

1357 2427 1391 2453 40

1357 2673 1390 2699 45

2284 439 2340 466 540

1472 509 1601 540 Tei-eius
1630 517 1695 542 erat
1716 522 1811 552 super
1837 512 2121 552 supplicacionibus
2147 520 2177 544 et
2202 513 2337 553 injuriis.

1432 558 1537 588 Primo
1558 561 1772 600 supplicarunt
1792 562 1933 601 magistri
1953 562 2135 592 domicellus
2159 563 2340 602 Reynaldus

1432 608 1469 636 de
1485 607 1623 647 Vyanen,
1642 609 1790 639 Albertus
1811 611 1849 639 de
1870 610 1977 646 Kame,
2002 610 2156 641 Henricus
2175 612 2213 641 de
2232 612 2341 641 Oden-

1432 656 1511 696 dorp
1527 663 1556 686 et
1568 657 1710 687 Andreas
1726 658 1883 698 Symonis‚
1901 666 2051 699 quatenus
2065 660 2153 689 nacio
2169 660 2342 690 declararet

1433 715 1486 738 eos
1509 713 1670 744 presentes
1694 714 1841 747 quantum
1863 709 1901 737 ad
1923 708 2055 737 rotulum
2081 709 2284 745 formandum,
2309 715 2343 739 et

1432 753 1474 783 ita
1495 755 1617 784 fuerunt
1640 756 1701 795 ipsi
1726 757 1923 786 concorditer
1950 763 2112 796 presentes
2136 758 2283 787 declarati
2307 758 2340 788 in

1433 810 1578 842 quantum
1607 805 1696 834 nacio
1734 806 1845 845 potuit,
1880 807 1997 846 absque
2036 813 2136 836 tamen
2166 806 2342 847 prejudicio

1434 850 1642 892 cujuscunque
1653 854 1779 884 alterius
1791 861 1864 884 tunc
1879 856 2046 894 presentis.
2063 855 2137 885 Item
2153 855 2343 895 supplicavit

1433 901 1580 941 magister
1591 902 1749 932 Johannes
1762 904 1800 932 de
1814 903 1935 933 Sti-alen
1951 915 2008 944 pro
2024 904 2154 934 utilitate
2169 904 2269 934 tocius
2283 914 2342 933 na-

1433 949 1543 985 cionis,
1563 952 1644 990 quod
1662 951 1765 981 nullus
1782 953 1930 992 magister
1947 954 2064 983 debens
2081 953 2198 992 aliquid
2218 953 2341 983 nacioni

1434 999 1499 1028 sive
1515 1000 1552 1028 de
1565 999 1702 1038 jocundo
1716 1000 1843 1030 introitu
1860 1002 1924 1031 sive
1939 1002 2015 1031 alias
2031 1002 2262 1037 inrotularetur‚
2277 1002 2340 1031 nisi

1434 1048 1520 1086 prius
1533 1049 1722 1078 satisfaceret
1739 1050 1872 1079 nacioni.
1891 1051 1966 1080 Item
1987 1051 2202 1090 supplicarunt
2223 1051 2340 1080 diversi

1433 1096 1484 1125 alii
1511 1097 1651 1136 magistri
1675 1108 1733 1137 pro
1753 1098 1895 1137 pluribus
1916 1099 2073 1139 magistris
2093 1099 2285 1135 absentibus,
2307 1106 2343 1129 ut

1433 1146 1493 1185 ipsi
1520 1153 1650 1185 possent
1679 1147 1852 1183 inrotulari,
1887 1159 2018 1188 quorum
2051 1149 2242 1188 supplicacio
2271 1159 2339 1178 cum

1433 1195 1663 1234 supplicacione
1687 1196 1826 1236 magistri
1849 1196 1999 1227 Johannis
2023 1198 2061 1226 de
2083 1197 2204 1227 Stralen
2227 1197 2283 1227 fuit
2301 1198 2342 1227 ab

1433 1244 1575 1273 omnibus
1589 1255 1747 1274 concessa.
2085 1237 2090 1241 ’

1474 1293 1548 1322 Item
1571 1294 1759 1333 supplicavit
1780 1293 1963 1324 Lambertus
1986 1295 2117 1325 Cluvinc
2137 1296 2175 1324 de
2196 1295 2340 1325 Embrica

1432 1341 1623 1378 licenciatus,
1641 1349 1670 1372 et
1687 1343 1760 1372 Otto
1777 1344 1814 1372 de
1825 1343 1968 1373 Tuninck
1980 1344 2118 1373 breviter
2129 1344 2342 1374 licenciandus

1432 1390 1463 1420 in
1479 1391 1596 1420 artibus
1612 1402 1670 1431 pro
1688 1392 1841 1421 dilacione
1857 1393 2038 1428 bursarum;
2057 1393 2177 1432 primus
2193 1403 2266 1423 vero
2281 1403 2339 1432 pro

1431 1439 1623 1479 incepcione,
1652 1447 1681 1470 et
1712 1441 1790 1470 alius
1821 1447 1880 1470 tam
1913 1451 1970 1480 pro
2002 1442 2130 1471 licencia
2161 1452 2251 1482 quam
2280 1452 2338 1482 pro

1431 1489 1623 1528 incepcione,
1643 1490 1754 1529 positis
1771 1496 1872 1519 tamen
1889 1490 2087 1530 pignoribus.
2109 1491 2247 1528 Quorum
2263 1501 2342 1531 sup-

1431 1538 1561 1578 plicacio
1598 1549 1748 1569 concessa
1787 1539 1844 1568 fuit
1881 1540 2048 1569 secundum
2085 1540 2339 1570 consuetudinem

1431 1587 1582 1616 nacionis.

1472 1636 1545 1666 Item
1564 1647 1644 1666 anno
1670 1637 1794 1666 Domini
1817 1647 1878 1677 quo
1904 1647 2008 1677 supra,
2030 1637 2130 1667 ΧΧῙΙθι
2151 1638 2201 1667 die
2223 1637 2341 1667 mensis

1430 1685 1561 1725 Aprilis,
1576 1686 1654 1714 sacta
1668 1686 1915 1726 congregacione
1929 1687 2069 1716 nacionis
2080 1685 2251 1727 Anglicane
2264 1687 2339 1716 hora

1429 1735 1598 1774 primarum
1614 1734 1708 1764 Beate
1721 1735 1819 1764 Marie
1834 1736 1915 1775 apud
1933 1735 2077 1765 Sanctum
2094 1735 2282 1765 Maturinum
2300 1736 2339 1765 ad

1431 1783 1678 1823 supplicandum,
1703 1784 1888 1823 supplicavit
1905 1785 2005 1824 primo
2028 1784 2177 1824 magister
2199 1784 2341 1824 Lyphar-

1430 1833 1500 1868 dus,
1515 1833 1567 1871 qui
1579 1839 1717 1872 tempore
1733 1833 1909 1872 apereionis
1921 1833 2014 1862 rotuli
2032 1843 2094 1862 non
2106 1839 2171 1862 erat
2182 1833 2335 1869 Parisins,

1430 1881 1574 1920 quatinus
1590 1882 1677 1910 nacio
1694 1888 1851 1920 reputaret
1867 1893 1935 1911 eum
1954 1889 2142 1922 presentem,
2159 1883 2226 1911 sine
2237 1889 2339 1912 tamen

1429 1929 1601 1970 prejudicio
1630 1929 1759 1970 alicujus
1783 1931 1924 1971 magistri
1948 1937 2019 1960 tunc
2045 1931 2212 1970 presentis.
2242 1929 2341 1971 Cujus

1430 1979 1692 2018 supplicacionem
1715 1979 1803 2009 nacio
1825 1980 1981 2009 concessit
2000 1980 2031 2009 in
2053 1986 2200 2019 quantum
2220 1980 2336 2020 potuit,

1429 2029 1500 2057 dum
1521 2034 1621 2057 tamen
1644 2038 1699 2057 nec
1722 2029 1753 2057 in
1771 2029 1881 2058 ordine
1903 2039 1960 2058 nec
1978 2029 2009 2058 in
2028 2029 2097 2058 loco
2118 2038 2174 2058 nec
2193 2028 2224 2058 iu
2242 2028 2342 2058 colla-

1429 2077 1517 2106 cione
1533 2087 1588 2106 nec
1600 2077 1695 2106 eciam
1709 2077 1740 2106 in
1755 2078 1977 2107 reformacione
1989 2077 2230 2117 supplicacionis
2246 2077 2338 2107 alicui

1429 2126 1567 2165 presenti
1585 2126 1733 2165 magistro
1747 2125 1955 2166 prejudicaret
1964 2126 2013 2155 vel
2023 2126 2198 2156 intenderet
2211 2127 2248 2155 de
2263 2128 2341 2166 preo‘

1429 2174 1621 2204 cedentibus.

1469 2223 1589 2252 Deinde
1609 2223 1795 2263 supplicavit
1814 2224 1963 2263 magister
1984 2222 2164 2264 H[enricus]
2188 2224 2225 2252 de
2245 2223 2335 2259 Euta,

1429 2272 1576 2311 magister
1600 2272 1632 2301 in
1654 2272 1766 2312 Praga,
1791 2273 1936 2312 quatinus
1961 2273 2049 2302 nacio
2072 2272 2164 2302 vellet
2193 2273 2337 2302 ordinare

1428 2321 1549 2360 aliquos
1568 2321 1620 2360 qui
1637 2321 1757 2350 adirent
1771 2322 1942 2351 facultatem
1952 2321 2121 2361 theologie,
2138 2327 2167 2350 et
2178 2321 2340 2360 supplica-

1429 2375 1497 2399 rent
1517 2370 1650 2399 facultati
1668 2376 1701 2399 ut
1715 2370 1784 2409 ipsa
1797 2370 1987 2409 supplicaret
1999 2369 2031 2399 in
2049 2369 2259 2399 Universitate
2277 2379 2336 2408 pro

1428 2429 1464 2448 eo
1481 2425 1513 2448 ut
1528 2425 1635 2458 posset
1649 2419 1723 2458 poni
1739 2420 1777 2448 ad
1790 2419 1935 2454 rotulum,
1958 2419 2024 2449 sine
2043 2425 2144 2448 tamen
2164 2417 2336 2458 prejudicio

1428 2467 1638 2507 cujuscunque
1652 2468 1793 2508 magistri
1810 2468 2010 2497 Parisiensis.
2031 2467 2126 2507 Cujus
2145 2467 2336 2507 supplicacio

1428 2517 1484 2546 fuit
1501 2527 1659 2546 concessa.

1469 2565 1543 2594 Item
1570 2575 1650 2594 anno
1674 2565 1798 2602 Domini
1823 2576 1884 2605 quo
1907 2575 2012 2605 supra,
2034 2565 2127 2594 XXVa
2149 2565 2199 2594 die
2220 2565 2339 2595 mensis

1427 2614 1557 2653 Aprilis,
1596 2615 1673 2643 facta
1710 2614 1956 2654 congregacione
1989 2614 2128 2643 nacionis
2164 2613 2336 2653 Anglicane

1428 2663 1600 2692 immediate
1613 2669 1683 2702 post
1699 2673 1871 2692 sermonem
1886 2663 1967 2702 apud
1986 2662 2132 2692 Sanctum
2147 2662 2335 2692 Maturinum

1428 2722 1484 2751 per
1494 2711 1701 2751 juramentum
1717 2722 1812 2751 super
1830 2712 1874 2740 40‘
1891 2711 2042 2747 articulis,
2064 2721 2194 2750 quorum
2217 2711 2336 2750 primus

1428 2767 1504 2796 erat,
1524 2761 1596 2800 quia
1612 2761 1642 2790 in
1654 2771 1713 2790 una
1732 2760 1977 2800 congregacione
1989 2760 2076 2799 prius
2088 2761 2175 2795 facta,
2190 2760 2339 2790 videlicet

1427 2809 1459 2838 in
1476 2809 1527 2838 illa
1543 2820 1602 2848 qua
1622 2810 1742 2838 fuerant
1761 2809 1849 2838 electi
1869 2808 2100 2844 inrotulatores‚
2122 2809 2338 2848 supplicarunt

1428 2859 1566 2898 magistri
1581 2858 1792 2887 Theodericus
1802 2857 1959 2887 Yselstein
1973 2863 2002 2887 et
2015 2857 2172 2887 Johannes
2184 2858 2221 2886 de
2234 2857 2337 2887 Saxo·

1442 2956 1444 2958 ’
1458 2961 1480 2983 2.
1516 2961 1606 2983 Postea
1618 2959 1736 2990 spatium.
