2632 3464
303 461 355 488 841

305 537 482 572 sterkerc⁴,
502 537 560 567 sub
582 537 732 576 magistro
752 535 884 566 Herrico
899 536 938 565 de
957 535 1109 571 Gorkem‚
1130 534 1217 575 eujus

305 587 402 616 bursa
414 585 484 616 xvi
502 585 632 615 denarii.

347 635 439 665 Facta
473 634 722 675 congregacione
757 634 897 664 nacionis
934 633 985 662 13⁸
1013 634 1062 663 die
1099 632 1217 663 mensis

305 683 467 714 Februarii
491 683 746 723 supplicaverunt
767 689 832 713 tres
857 682 1036 712 bachellarii
1059 692 1116 722 pro
1138 682 1217 712 dila-

305 733 394 763 cione
418 733 594 768 bursarum,
614 738 649 762 ut
662 738 737 772 puta
750 732 895 762 dominus
915 731 1071 761 Henricus
1094 731 1214 771 Brugg,

305 781 449 812 dominus
481 781 658 821 Nycholaus
690 781 874 821 offenburg,
901 780 1060 810 Johannes
1093 781 1214 815 Petten.

305 841 437 871 quorum
464 831 526 860 duo
557 830 651 871 primi
676 836 826 870 ceperunt
851 830 1015 860 terminum
1045 839 1145 869 usque
1177 831 1216 859 ad

308 881 419 910 festum
445 878 576 915 Pasche,
605 879 652 909 3—-
677 889 777 919 usque
806 879 844 908 ad
874 879 984 909 festum
1013 878 1154 919 Philippi
1187 885 1218 908 et

306 928 426 959 Jacobi.
446 927 567 966 Quibus
583 927 869 968 supplicacionibus
882 927 972 957 nacio
986 928 1104 958 annuit.

346 977 439 1008 Facta
447 977 696 1018 congregacione
710 976 851 1007 nacionis
864 978 946 1017 apud
960 977 1106 1007 Sanctum
1118 976 1216 1007 Matu-

305 1026 409 1056 rinum
423 1027 476 1056 21·
487 1026 538 1056 die
555 1026 671 1056 mensis
685 1025 847 1056 Februarii
862 1036 958 1066 super
970 1027 1092 1056 duobus
1106 1026 1216 1056 articu-

305 1075 357 1105 lis.
374 1075 499 1106 Primus
521 1075 559 1104 ad
578 1075 758 1105 avisandum
775 1081 877 1105 utrum
895 1075 1056 1115 expediret
1075 1075 1218 1115 deplum-

307 1125 382 1154 bare
395 1123 554 1154 stillicidia
567 1134 664 1164 super
680 1134 807 1164 magnas
825 1124 937 1154 scolas.
958 1124 998 1153 Et
1014 1124 1113 1154 voluit
1129 1124 1217 1154 nacio

306 1173 391 1214 quod
412 1173 698 1214 deplumbarentur.
725 1173 887 1203 Secundus
906 1173 962 1202 suit
983 1183 1079 1213 super
1095 1173 1218 1214 suppli-

307 1222 489 1252 cacionibus
506 1228 537 1252 et
555 1221 690 1262 injuriis,
712 1232 808 1262 super
826 1232 888 1262 quo
907 1221 1004 1252 nichil
1022 1222 1132 1252 factum
1150 1222 1216 1258 suit,

307 1271 383 1311 quia
396 1271 500 1301 nullus
518 1270 714 1311 supplicavit.

350 1320 426 1350 Item
438 1320 715 1350 subdeterminavit
728 1321 871 1350 dominus
886 1320 1046 1351 Arnoldus
1058 1321 1096 1350 de
1110 1320 1218 1351 Wesa-

309 1369 350 1399 lia
364 1370 423 1399 sub
448 1369 598 1409 magistro
618 1369 759 1399 :ohanne
781 1369 876 1405 Rees,
891 1368 980 1410 cujus
999 1370 1094 1400 bursa
1110 1369 1216 1399 nichil.

350 1418 444 1448 Facta
460 1418 708 1458 congregacione
723 1418 862 1448 nacionis
881 1419 963 1458 apud
982 1420 1127 1449 Sanctum
1151 1419 1219 1448 Ma-

308 1467 445 1497 turinum
467 1467 574 1507 quinta
598 1467 648 1497 die
675 1466 784 1497 Marcii
809 1477 905 1507 super
924 1468 1046 1498 duobus
1067 1468 1216 1498 articulis.

309 1516 434 1547 Primus
460 1517 499 1546 ad
522 1516 707 1546 audiendum
730 1523 904 1556 compotum
931 1517 1048 1547 domini
1076 1524 1220 1558 recepto-

308 1565 370 1602 ris;
407 1566 563 1595 secundus
591 1575 687 1605 super
713 1566 997 1606 supplicacionibus
1026 1573 1057 1596 et
1084 1565 1216 1607 injuriis.

310 1614 413 1654 Super
437 1615 538 1654 primo
563 1615 680 1654 placuit
703 1621 865 1654 compotus
892 1615 1008 1645 domini
1033 1616 1217 1656 recepturis.

309 1663 412 1704 Super
446 1663 584 1693 secundo
618 1663 872 1703 supplicaverunt
901 1664 963 1693 duo
979 1664 1160 1694 bachellarii
1186 1671 1221 1695 ut

309 1713 545 1743 admitterentur
565 1713 842 1748 subdeterminare‚
864 1714 1008 1752 ponendo
1024 1719 1124 1743 tamen
1143 1715 1220 1743 bur-

309 1771 372 1798 sas,
400 1761 473 1802 quia
496 1761 528 1791 in
554 1761 712 1802 principio
737 1761 826 1791 XLu·
851 1771 914 1791 non
940 1763 1114 1792 hahuerunt
1138 1764 1220 1793 unde

308 1817 453 1852 poterant
475 1810 607 1840 solvere.
626 1810 747 1840 Placuit
765 1811 886 1840 nacioni
907 1811 1098 1851 supplicacio
1113 1821 1218 1842 eorum

308 1870 368 1900 pro
386 1869 483 1896 nunc;
503 1860 559 1890 sed
574 1869 636 1889 non
650 1859 717 1889 vult
731 1860 814 1899 quod
829 1859 968 1890 trahatur
980 1860 1011 1890 in
1029 1870 1220 1900 consequen·

307 1918 396 1940 ciam.

719 2001 817 2032 1402

341 2074 413 2113 (Fol.
438 2072 514 2114 63¹²)
541 2072 633 2103 Acta
660 2073 696 2103 in
722 2074 992 2114 procuratoria
1017 2074 1190 2114 magistri

585 2121 798 2152 Ghiisberti
826 2122 904 2153 Wit
918 2121 942 2152 ².

351 2202 443 2232 Facta
455 2202 704 2242 congregacione
716 2203 857 2232 nacionis
869 2203 951 2243 apud
967 2203 1111 2233 Sanctum
1123 2203 1220 2234 Matu-

311 2252 413 2282 rinum
429 2261 509 2281 anno
526 2251 651 2281 Domini
673 2252 795 2287 ssot-⁰,
811 2252 930 2282 decima
943 2252 993 2282 die
1009 2253 1125 2283 mensis
1135 2253 1221 2283 Mar-

311 2300 351 2330 cii
376 2310 472 2341 super
497 2300 619 2330 duobus
648 2300 800 2330 articulis.
827 2301 951 2331 Primus
979 2302 1017 2331 ad
1045 2302 1220 2342 eligendum

310 2359 424 2379 novum
448 2355 698 2389 procuratorem;
720 2350 876 2379 secundus
898 2360 993 2390 super
1013 2350 1222 2390 supplicacio-

311 2398 404 2428 nibus
422 2404 453 2428 et
470 2397 602 2438 injuriis.
621 2398 724 2438 Super
739 2398 839 2438 primo
857 2398 973 2429 electus
988 2399 1043 2429 fuit
1060 2399 1091 2429 in
1106 2409 1221 2439 procu-

312 2453 446 2477 ratorem
469 2446 618 2487 magister
642 2446 841 2477 Ghiisbertus
862 2447 941 2477 Wit.
965 2447 1067 2487 Super
1085 2449 1222 2478 secundo

311 2495 500 2536 supplicavit
514 2502 699 2536 procurator
714 2497 898 2536 precedens,
918 2502 951 2526 ut
970 2496 1136 2527 haberetur
1149 2507 1222 2537 gra-

312 2551 375 2580 tus,
389 2545 657 2574 recommendatus
673 2551 703 2574 et
717 2551 844 2574 avoatus
860 2545 891 2574 in
906 2545 978 2580 hiis,
997 2555 1056 2585 que
1069 2546 1132 2586 egit
1143 2552 1223 2575 tem-

313 2603 390 2634 pore
422 2593 657 2634 procuracionis
686 2603 752 2623 sue.
781 2593 839 2624 Cui
865 2594 1088 2634 supplicacioni
1115 2595 1223 2625 annuit

313 2642 413 2672 nacio.

355 2690 447 2721 Facta
459 2691 707 2731 congregacione
720 2691 861 2722 nacionis
873 2692 954 2731 apud
970 2692 1114 2722 Sanctum
1129 2692 1222 2723 Julia-

316 2749 388 2769 num
414 2749 581 2780 pauperem
609 2746 720 2770 tactum
745 2740 802 2770 suit
824 2740 855 2770 in
878 2740 1007 2770 nacione
1034 2741 1073 2771 de
1096 2751 1222 2771 recessu

318 2788 459 2829 magistri
483 2788 655 2819 Ghiisberti
682 2789 751 2820 Wit
781 2790 993 2830 procuratoris
1016 2790 1168 2826 nacionis,
1193 2796 1223 2820 et

346 2877 369 2902 ¹.
402 2876 454 2901 Sed
465 2877 535 2909 infra
548 2885 599 2902 non
613 2878 723 2910 affertur
734 2878 801 2902 u'nur
814 2877 959 2903 licentiato·
970 2881 994 2903 et
1007 2878 1165 2910 incipientes.
1178 2886 1221 2903 an.

315 2912 377 2936 ¹⁴0!-
386 2914 472 2936 tomen
489 2915 517 2936 ul
531 2913 654 2946 magister
665 2913 708 2945 (de
720 2914 935 2945 non-utkerka).
947 2915 1063 2938 Fortuna
1070 2916 1107 2938 eut
1118 2913 1185 2938 idern
1193 2923 1224 2938 nc

315 2947 472 2973 Guillelmu·
483 2948 615 2973 Stoman.

347 2984 371 3008 2.
405 2985 473 3008 uaee
487 2984 667 3016 procuratorio
684 2985 780 3018 scripta
797 2987 834 3009 ut
851 2993 928 3010 manu
949 2985 1041 3010 Jacob!
1058 2985 1091 3010 de
1107 2985 1224 3016 uarium,

804 459 919 486 LIBER
943 459 1265 486 PROCURATORUM‘
1282 459 1462 487 NATIONIS
1483 460 1727 487 ANGLICANAE

1254 981 1288 1007 1⁰

1255 1226 1289 1253 15

1257 1472 1290 1498 20

1257 1718 1291 1744 25

1257 1963 1291 1990 30

1257 2207 1291 2233 35

1259 2451 1293 2477 40

1259 2695 1293 2723 45

2175 464 2231 490 842

1326 535 1449 565 habitus
1471 536 1527 565 fuit
1548 543 1723 572 excusatus,
1741 538 1814 577 quia
1834 537 1968 578 legitime
1990 539 2166 579 impeditus.
2192 540 2234 570 Et

1327 584 1512 614 substitutus
1534 585 1591 614 suit
1614 585 1645 613 in
1666 593 1900 624 procuratorem
1927 588 2074 627 magister
2095 589 2230 619 Jacobus

1325 632 1476 663 Iohannis
1493 634 1531 662 de
1545 633 1699 663 Haerlem.

1366 681 1459 711 Facta
1479 683 1728 722 congregacione
1750 684 1890 714 nacionis
1905 686 1986 724 apud
2003 685 2147 716 Sanctum
2165 687 2234 716 Ma·-

1325 731 1460 761 turinum
1479 731 1586 761 ultima
1601 732 1651 761 die
1666 733 1783 762 mensis
1800 733 1908 763 Marcii
1927 744 2022 774 super
2042 735 2142 765 tribus
2158 736 2234 765 arti-

1325 780 1414 810 culis.
1429 780 1554 810 Primus
1567 786 1633 810 erat
1649 782 1688 810 ad
1701 781 1949 812 distribuendum
1964 793 2087 813 menses
2096 796 2104 820 ;
2122 795 2234 814 secun-

1325 830 1384 859 dus
1399 835 1465 859 erat
1482 839 1576 869 super
1594 831 1673 859 sacto
1694 831 1803 870 regine
1822 831 1950 861 Francie
1960 843 1967 868 ;
1985 833 2032 861 3¹¹·
2048 843 2144 873 super
2162 844 2234 874 sup-

1324 877 1550 918 plicacionibus
1565 885 1596 908 et
1610 878 1745 919 injuriis.
1763 880 1916 917 Quantum
1929 882 1967 910 ad
1977 882 2110 921 primum
2127 893 2234 912 omnes

1325 937 1448 957 menses
1466 928 1528 957 dati
1546 935 1634 958 erant
1644 929 1794 969 magistro
1806 929 1940 959 Johanni
1958 930 2090 961 Eluvald
2103 942 2160 971 pro
2176 932 2233 962 xil

1326 976 1448 1006 solidis.

1366 1025 1520 1063 Quantum
1545 1027 1583 1055 ad
1610 1027 1779 1057 secundum
1806 1034 1918 1057 tactum
1942 1029 2009 1064 fuit,
2037 1030 2120 1069 quod
2147 1030 2235 1060 nacio

1327 1075 1441 1104 fecerat
1455 1074 1562 1114 plures
1578 1076 1761 1116 diligencias
1774 1077 1855 1116 apud
1871 1077 2025 1107 dominam
2043 1079 2180 1118 reginam
2198 1080 2236 1108 ad

1326 1124 1531 1154 edificandum
1553 1125 1655 1154 scolas
1677 1125 1816 1165 inceptas
1842 1126 1872 1154 in
1893 1126 1963 1155 vico
1987 1127 2185 1163 Straminum‚
2204 1135 2237 1157 ut

1326 1173 1396 1213 ipsa
1413 1173 1505 1203 nobis
1527 1174 1708 1203 subveniret
1727 1174 1758 1203 in
1781 1181 1863 1204 certa
1881 1185 1999 1204 summa
2021 1176 2101 1206 sicut
2117 1177 2236 1216 promi-

1327 1228 1421 1258 serat,
1446 1228 1477 1252 et
1505 1222 1619 1252 dictum
1643 1223 1699 1252 suit
1722 1223 1750 1252 ei
1779 1224 1863 1263 quod
1891 1224 1980 1254 nacio
2002 1225 2080 1254 bene
2103 1226 2237 1265 indiguit

1327 1271 1507 1311 quingentis
1523 1271 1638 1308 scutis3
1653 1273 1774 1301 tandem
1788 1272 1893 1302 multis
1907 1273 2066 1303 laboribus
2082 1280 2112 1303 et
2123 1284 2235 1314 expen-

1328 1320 1372 1349 sis
1389 1320 1487 1355 facfis,
1505 1321 1576 1360 quia
1591 1321 1680 1360 quasi
1694 1331 1751 1360 per
1763 1322 1842 1351 duos
1854 1332 1952 1352 annos
1965 1323 2064 1352 tenuit
2076 1322 2235 1353 nacionem

1328 1369 1359 1398 in
1384 1369 1532 1399 continuo
1558 1377 1654 1405 motu,
1680 1370 1766 1400 dedit
1789 1380 1974 1411 responsum
2001 1372 2123 1402 nacioni
2152 1374 2235 1412 quod

1328 1418 1444 1448 iremus
1469 1420 1508 1448 ad
1533 1418 1760 1449 thezaurarium
1788 1430 1877 1449 suum
1903 1427 1934 1450 et
1956 1427 2132 1460 peteremus
2154 1422 2235 1451 illam

1329 1477 1488 1502 summam,
1508 1478 1598 1507 quam
1616 1478 1675 1508 pro
1695 1468 1787 1498 nobis
1805 1469 1973 1508 deputavit.
1994 1470 2161 1510 Postquam
2181 1481 2236 1500 au-

1328 1522 1388 1546 tem
1402 1516 1543 1546 venimus
1554 1517 1593 1546 ad
1607 1527 1687 1553 eum,
1697 1518 1790 1547 nichil
1799 1519 1883 1547 scivit
1893 1519 1931 1547 de
1941 1520 2034 1556 faceo,
2047 1520 2118 1558 quia
2131 1521 2235 1559 regina

1328 1566 1422 1594 nichil
1434 1565 1558 1594 dixerat
1568 1565 1636 1594 sibi.
1655 1565 1717 1595 Sed
1735 1567 1774 1595 ob
1790 1567 1998 1596 reverenciam
2014 1568 2154 1597 nacionis
2169 1569 2237 1597 adi-

1327 1614 1373 1643 vit
1396 1614 1535 1654 reginam
1558 1624 1654 1654 super
1680 1616 1759 1645 sacto
1775 1621 1895 1651 nostro,
1917 1622 1947 1645 et
1963 1617 2125 1656 respondit
2146 1618 2236 1646 nobis

1329 1663 1412 1703 quod
1432 1665 1537 1703 regina
1560 1665 1758 1703 deputaverat
1775 1667 1831 1694 XX
1847 1664 1992 1703 francos³
2015 1675 2072 1705 pro
2094 1666 2234 1701 nacione,

1329 1718 1359 1742 et
1384 1713 1468 1752 quod
1491 1719 1556 1742 erat
1573 1719 1735 1752 promptus
1759 1714 1796 1743 ad
1823 1715 2004 1743 tradendum
2026 1714 2107 1744 illos.
2135 1715 2237 1755 Super

1329 1771 1391 1801 quo
1407 1762 1486 1791 sacto
1507 1762 1596 1791 nacio
1612 1762 1668 1792 suit
1686 1762 1888 1802 solempniter
1903 1770 2090 1803 congregata
2101 1765 2151 1794 die
2164 1775 2238 1804 pre-

1329 1810 1424 1846 dicto,
1439 1817 1470 1840 et
1484 1810 1668 1840 deliberavit
1683 1812 1891 1847 concorditer,
1907 1812 2027 1842 nemine
2040 1813 2235 1848 reclamante,

1329 1860 1413 1900 quod
1426 1870 1484 1888 non
1496 1861 1652 1899 expediret
1669 1871 1779 1899 capere
1796 1862 1867 1889 illas
1876 1863 2035 1899 pecunias,
2053 1872 2121 1891 cum
2141 1862 2236 1891 nichil

1328 1917 1494 1948 possemus
1509 1908 1648 1948 incipere
1660 1919 1727 1939 cum
1744 1909 1816 1939 illis.
1829 1908 1926 1939 Multa
1940 1910 2036 1939 eciam
2051 1910 2109 1940 alia
2124 1911 2237 1940 motiva

1329 1963 1407 1987 tacta
1435 1958 1570 1993 suerunt,
1596 1964 1726 1998 propter
1754 1968 1813 1997 que
1842 1968 1904 1987 non
1930 1959 2091 1998 expediret
2113 1969 2234 1998 capere.

1329 2005 1428 2036 Vellet
1438 2006 1533 2036 eciam
1547 2007 1636 2036 nacio
1647 2008 1729 2046 quod
1743 2007 1936 2036 intimaretur
1948 2007 2072 2037 domino
2087 2008 2236 2048 episcopo

1330 2054 1554 2085 Silvanectensi
1569 2062 1599 2085 et
1610 2055 1801 2085 thezaurario
1817 2061 1847 2085 et
1855 2055 1977 2085 domine
1991 2057 2028 2086 de
2040 2056 2233 2096 Chymieres,

1329 2110 1362 2134 ut
1375 2104 1495 2134 veniret
1509 2105 1547 2133 ad
1562 2114 1653 2134 aures
1672 2104 1791 2144 regine.

1370 2153 1471 2192 Super
1483 2154 1515 2182 3ο
1529 2153 1658 2182 articulo
1671 2153 1777 2183 nichil.

1370 2201 1461 2231 Facta
1477 2202 1725 2241 congregacione
1743 2202 1883 2232 nacionis
1905 2203 1986 2242 apud
2005 2202 2149 2233 Sanctum
2168 2204 2236 2233 Ma-

1330 2251 1463 2280 turinum
1478 2250 1552 2280 hora
1565 2251 1746 2291 primarum,
1761 2252 1897 2281 secunda
1911 2251 1961 2281 die
1972 2252 2088 2281 mensis
2104 2252 2235 2292 Aprilis,

1330 2299 1582 2339 supplicaverunt
1597 2306 1660 2329 tres
1682 2299 1858 2329 bachellarii
1884 2300 2065 2330 licenciandi
2084 2311 2142 2341 pro
2156 2301 2236 2331 dila-

1329 2348 1418 2378 cione
1439 2349 1614 2383 bursarum,
1636 2348 1750 2388 quibus
1770 2349 2054 2388 supplicacionibus
2076 2350 2163 2379 nacio
2180 2361 2236 2380 an-

1330 2397 1397 2427 nuit
1417 2398 1585 2427 secundum
1605 2403 1716 2427 statuta
1733 2397 1884 2433 nacionis,
1902 2398 2019 2428 scilicet
2033 2405 2066 2428 ut
2084 2407 2236 2438 ponerent

1329 2446 1417 2476 vadia
1430 2452 1461 2475 et
1477 2446 1635 2476 solverent
1647 2452 1716 2476 ante
1735 2447 1844 2476 festum
1857 2446 2006 2476 Johannis
2024 2447 2173 2487 Baptiste.

1431 2553 1646 2593 Sequuntur
1676 2553 1821 2582 nomina
1853 2553 2134 2583 licenciatorum

1611 2602 1696 2631 anni
1725 2602 1953 2642 supradicti.

1371 2691 1445 2722 Item
1459 2691 1640 2721 licenciatus
1652 2698 1700 2721 est
1714 2691 1858 2721 dominus
1872 2691 2029 2720 lohannes
2042 2692 2080 2721 de
2095 2691 2232 2728 xanctis.

1330 2740 1406 2771 alias
1427 2739 1557 2770 Loeii'elt
1580 2741 1637 2770 sub
1661 2740 1809 2780 magistro
1831 2739 1966 2769 llenrico
1983 2740 2131 2775 Gorkem,
2147 2740 2235 2781 cujus

1330 2790 1425 2820 bursa
1442 2788 1498 2819 Vll
1515 2789 1618 2818 solidi.

1330 2878 1465 2903 substituti
1470 2876 1654 2910 procuratorio.

1362 2914 1385 2937 3.
1420 2913 1451 2936 El
1467 2912 1619 2940 nuendum,
1639 2911 1752 2945 reginam
1773 2911 1913 2935 isabellam
1934 2911 2103 2936 Alemonam·
2114 2912 2205 2944 [hines.
2223 2921 2237 2936 ε

1331 2949 1454 2973 Bouaria.
1475 2949 1508 2972 At
1523 2950 1664 2980 paupertas
1683 2947 1797 2971 nationi:
1817 2947 1919 2979 infles-it
1934 2954 2023 2972 nemun
2047 2947 2142 2972 bedelli
2170 2948 2236 2973 Boo-

1333 2983 1432 3013 mundi,
1447 2986 1473 3008 ul
1483 2983 1553 3015 infra
1568 2991 1595 3015 p.
1608 2984 1663 3011 8¹1⁵,
1679 2983 1718 3011 ³¹,
1730 2982 1877 3006 videbimus.
